@book{schlichting1979boundary,
  title={Boundary--layer theory},
  author={Schlichting, H.},
  isbn={9780070553347},
  lccn={78017794},
  series={McGraw-Hill series in mechanical engineering},
  url={http://books.google.co.uk/books?id=fYdTAAAAMAAJ},
  year={1979},
  publisher={McGraw-Hill}
}

@book{Brennen2005fundamentalsmultiphaseflows,
  title={Fundamentals of Multiphase Flows},
  author={Brennen, C.E.},
  isbn={9780521848046},
  lccn={2004029643},
  url={http://books.google.co.uk/books?id=F7hEfx2GUPYC},
  year={2005},
  publisher={Cambridge University Press}
}

@book{abbott1959theory,
  title={Theory of wing sections, including a summary of airfoil data},
  author={Abbott, Ira Herbert},
  year={1959},
  publisher={Courier Dover Publications}
}

@book{anderson1995cfd,
    title = {Computational Fluid Dynamics: The Basics With Applications},
    author = {Anderson, John David},
    isbn = {9780071132107},
    lccn = {94021237},
    series = {McGraw-Hill Series in Aeronautical and Aerospace Engineering},
    url = {http://books.google.co.uk/books?id=phG\_QgAACAAJ},
    year = {1995},
    publisher = {McGraw-Hill Education}
}
@book{ferziger2002,
  title={Computational Methods for Fluid Dynamics},
  author={Ferziger, J.H. and Peri{\'c}, M.},
  isbn={978-3-642-56026-2},
  year={2002},
  edition={3rd},
  publisher={Springer}
}

