@article{Mura2009,
    title = {{A class of self-similar stochastic processes with stationary increments to model anomalous diffusion in physics}},
    year = {2009},
    journal = {Integral Transforms and Special Functions},
    author = {Mura, Antonio and Mainardi, Francesco},
    number = {3-4},
    month = {4},
    pages = {185--198},
    volume = {20},
    doi = {10.1080/10652460802567517},
    issn = {1065-2469}
}

@article{prabhakar1971singular,
    title = {{A singular integral equation with a generalized Mittag-Leffler function in the kernel}},
    year = {1971},
    journal = {Yokohama Math. J},
    author = {Prabhakar, Tilak Raj},
    number = {1},
    pages = {7--15},
    volume = {19}
}

@article{Mura2008,
    title = {{Characterizations and simulations of a class of stochastic processes to model anomalous diffusion}},
    year = {2008},
    journal = {Journal of Physics A: Mathematical and Theoretical},
    author = {Mura, A and Pagnini, G},
    number = {28},
    month = {7},
    pages = {285003},
    volume = {41},
    doi = {10.1088/1751-8113/41/28/285003},
    issn = {1751-8113}
}

@article{Cont2011ADerivatives,
    title = {{A Consistent Pricing Model For Index Options And Volatility Derivatives}},
    year = {2011},
    journal = {Mathematical Finance},
    author = {Cont, Rama and Kokholm, Thomas},
    number = {2},
    month = {7},
    pages = {248--274},
    volume = {23},
    publisher = {Wiley},
    doi = {10.1111/j.1467-9965.2011.00492.x}
}

@article{Papanicolaou2014AVolatilities,
    title = {{A regime-switching Heston model for VIX and S{\&}P 500 implied volatilities}},
    year = {2014},
    journal = {Quantitative Finance},
    author = {Papanicolaou, Andrew and Sircar, Ronnie},
    number = {10},
    pages = {1811--1827},
    volume = {14},
    publisher = {Taylor {\&} Francis}
}

@incollection{Weber2009AMarkets,
    title = {{A Short History of Derivative Security Markets}},
    year = {2009},
    booktitle = {Vinzenz Bronzin’s Option Pricing Models},
    author = {Weber, Ernst Juerg},
    pages = {431--466},
    publisher = {Springer Berlin Heidelberg},
    address = {Berlin, Heidelberg},
    doi = {10.1007/978-3-540-85711-2{\_}21}
}

@article{Song2012APrices,
    title = {{A Tale of Two Option Markets: State-Price Densities Implied from S{\&}P 500 and Vix Option Prices}},
    year = {2012},
    journal = {SSRN Electronic Journal},
    author = {Song, Zhaogang and Xiu, Dacheng},
    publisher = {Elsevier BV},
    doi = {10.2139/ssrn.2013381}
}

@article{Zhu2012AnApplications,
    title = {{An analytical formula for VIX futures and its applications}},
    year = {2012},
    journal = {Journal of Futures Markets},
    author = {Zhu, Song-Ping and Lian, Guang-Hua},
    number = {2},
    pages = {166--190},
    volume = {32},
    publisher = {Wiley Online Library}
}

@inproceedings{Gatheral2008ConsistentOptions,
    title = {{Consistent modeling of SPX and VIX options}},
    year = {2008},
    booktitle = {Bachelier congress},
    author = {Gatheral, Jim}
}

@article{Baldeaux2014ConsistentModel,
    title = {{Consistent Modelling of VIX and Equity Derivatives Using a 3/2 plus Jumps Model}},
    year = {2014},
    journal = {Applied Mathematical Finance},
    author = {Baldeaux, Jan and Badran, Alexander},
    number = {4},
    month = {7},
    pages = {299--312},
    volume = {21},
    doi = {10.1080/1350486X.2013.868631},
    issn = {1350-486X}
}

@article{Fouque2018HestonOptions,
    title = {{Heston stochastic vol-of-vol model for joint calibration of VIX and S{\&}P 500 options}},
    year = {2018},
    journal = {Quantitative Finance},
    author = {Fouque, Jean-Pierre and Saporito, Yuri F.},
    number = {6},
    month = {6},
    pages = {1003--1016},
    volume = {18},
    doi = {10.1080/14697688.2017.1412493},
    issn = {1469-7688}
}

@article{Bardgett2013InferringMarkets,
    title = {{Inferring Volatility Dynamics and Risk Premia from the S{\&}P 500 and VIX Markets}},
    year = {2013},
    journal = {SSRN Electronic Journal},
    author = {Bardgett, Chris and Gourier, Elise and Leippold, Markus},
    publisher = {Elsevier BV},
    doi = {10.2139/ssrn.2296826}
}

@article{Bock2020IntegralMotion,
    title = {{Integral representation of generalized grey Brownian motion}},
    year = {2020},
    journal = {Stochastics},
    author = {Bock, Wolfgang and Desmettre, Sascha and da Silva, José Luís},
    number = {4},
    month = {5},
    pages = {552--565},
    volume = {92},
    doi = {10.1080/17442508.2019.1641093},
    issn = {1744-2508}
}

@article{Guyon2019InversionMarket,
    title = {{Inversion of Convex Ordering in the VIX Market}},
    year = {2019},
    journal = {SSRN Electronic Journal},
    author = {Guyon, Julien},
    publisher = {Elsevier BV},
    doi = {10.2139/ssrn.3504022}
}

@article{Guo2020JointTransport,
    title = {{Joint Modelling and Calibration of SPX and VIX by Optimal Transport}},
    year = {2020},
    journal = {Available at SSRN 3568998},
    author = {Guo, Ivan and Loeper, Gregoire and Ob{\l}{\'{o}}j, Jan and Wang, Shiyi}
}

@article{Kokholm2015JointModels,
    title = {{Joint pricing of VIX and SPX options with stochastic volatility and jump models}},
    year = {2015},
    journal = {The Journal of Risk Finance},
    author = {Kokholm, Thomas and Stisen, Martin},
    publisher = {Emerald Group Publishing Limited}
}

@article{Bates1996JumpsOptions,
    title = {{Jumps and Stochastic Volatility: Exchange Rate Processes Implicit in Deutsche Mark Options}},
    year = {1996},
    journal = {The Review of Financial Studies},
    author = {Bates, David S},
    number = {1},
    pages = {69--107},
    volume = {9},
    publisher = {[Oxford University Press, Society for Financial Studies]},
    url = {http://www.jstor.org/stable/2962366},
    issn = {08939454, 14657368}
}

@book{Alos2021MalliavinFinance,
    title = {{Malliavin Calculus in Finance}},
    year = {2021},
    author = {Al{\`{o}}s, Elisa and Garc{\'{i}}a Lorite, David and Gatarek, Dariusz},
    month = {5},
    publisher = {Chapman and Hall/CRC},
    address = {First edition. | Boca Raton : Chapman {\&} Hall/CRC Press, 2021. | Series: Chapman and Hall/CRC financial mathematics series},
    isbn = {9781003018681},
    doi = {10.1201/9781003018681}
}

@article{Piryatinska2005ModelsCase,
    title = {{Models of anomalous diffusion: the subdiffusive case}},
    year = {2005},
    journal = {Physica A: Statistical Mechanics and its Applications},
    author = {Piryatinska, A. and Saichev, A.I. and Woyczynski, W.A.},
    number = {3-4},
    month = {4},
    pages = {375--420},
    volume = {349},
    doi = {10.1016/j.physa.2004.11.003},
    issn = {03784371}
}

@article{Guyon2022NeuralCalibration,
    title = {{Neural Joint S{\&}P 500/VIX Smile Calibration}},
    year = {2022},
    journal = {SSRN Electronic Journal},
    author = {Guyon, Julien and Mustapha, Scander},
    doi = {10.2139/ssrn.4309576},
    issn = {1556-5068}
}

@article{Barndorff-Nielsen2001Non-GaussianEconomics,
    title = {{Non-Gaussian Ornstein–Uhlenbeck-based Models and Some of Their Uses in Financial Economics}},
    year = {2001},
    journal = {Journal of the Royal Statistical Society Series B: Statistical Methodology},
    author = {Barndorff-Nielsen, Ole E. and Shephard, Neil},
    number = {2},
    month = {7},
    pages = {167--241},
    volume = {63},
    doi = {10.1111/1467-9868.00282},
    issn = {1369-7412}
}

@inproceedings{Guyon2017OnOptions,
    title = {{On the Joint Calibration of SPX and VIX Options}},
    year = {2017},
    booktitle = {Jim Gatheral’s 60th Birthday Conference},
    author = {Guyon, Julien},
    month = {10}
}

@article{Merton1974ONRATES,
    title = {{ON THE PRICING OF CORPORATE DEBT: THE RISK STRUCTURE OF INTEREST RATES*}},
    year = {1974},
    journal = {The Journal of Finance},
    author = {Merton, Robert C.},
    number = {2},
    month = {5},
    pages = {449--470},
    volume = {29},
    doi = {10.1111/j.1540-6261.1974.tb03058.x},
    issn = {00221082}
}

@article{Jacquier2018OnModel,
    title = {{On VIX futures in the rough Bergomi model}},
    year = {2018},
    journal = {Quantitative Finance},
    author = {Jacquier, Antoine and Martini, Claude and Muguruza, Aitor},
    number = {1},
    month = {1},
    pages = {45--61},
    volume = {18},
    doi = {10.1080/14697688.2017.1353127},
    issn = {1469-7688}
}

@article{Kou2004OptionModel,
    title = {{Option Pricing under a Double Exponential Jump Diffusion Model}},
    year = {2004},
    journal = {Management Science},
    author = {Kou, S G and Wang, Hui},
    number = {9},
    pages = {1178--1192},
    volume = {50},
    publisher = {INFORMS},
    url = {http://www.jstor.org/stable/30046226},
    issn = {00251909, 15265501}
}

@article{Carr1999OptionTransform,
    title = {{Option valuation using the fast Fourier transform}},
    year = {1999},
    journal = {The Journal of Computational Finance},
    author = {Carr, Peter and Madan, Dilip},
    number = {4},
    pages = {61--73},
    volume = {2},
    doi = {10.21314/JCF.1999.043},
    issn = {14601559}
}

@article{Bayer2015PricingVolatility,
    title = {{Pricing under rough volatility}},
    year = {2015},
    journal = {Quantitative Finance},
    author = {Bayer, Christian and Friz, Peter and Gatheral, Jim},
    number = {6},
    month = {11},
    pages = {887--904},
    volume = {16},
    publisher = {Informa UK Limited},
    doi = {10.1080/14697688.2015.1099717}
}

@article{Goutte2017Regime-switchingOptions,
    title = {{Regime-switching stochastic volatility model: estimation and calibration to VIX options}},
    year = {2017},
    journal = {Applied Mathematical Finance},
    author = {Goutte, Stéphane and Ismail, Amine and Pham, Huyên},
    number = {1},
    month = {1},
    pages = {38--75},
    volume = {24},
    publisher = {Informa UK Limited},
    doi = {10.1080/1350486x.2017.1333015}
}

@book{Beard1984RiskInsurance,
    title = {{Risk Theory: The Stochastic Basis of Insurance}},
    year = {1984},
    author = {Beard, R E and Pentikainen, T and Pesonen, E},
    publisher = {Chapman and Hall}
}

@article{Jacquier2021RoughOptions,
    title = {{Rough multifactor volatility for SPX and VIX options}},
    year = {2021},
    author = {Jacquier, Antoine and Muguruza, Aitor and Pannier, Alexandre},
    month = {12},
    arxivId = {2112.14310}
}

@article{Acciaio2020ShortFutures,
    title = {{Short Communication: Inversion of Convex Ordering: Local Volatility Does Not Maximize the Price of VIX Futures}},
    year = {2020},
    journal = {SIAM Journal on Financial Mathematics},
    author = {Acciaio, Beatrice and Guyon, Julien},
    number = {1},
    month = {1},
    pages = {SC1-SC13},
    volume = {11},
    doi = {10.1137/19M129303X},
    issn = {1945-497X}
}

@inproceedings{daSilva2020SingularityMotion,
    title = {{Singularity of generalized grey Brownian motion and time-changed Brownian motion}},
    year = {2020},
    author = {da Silva, José Luís and Erraoui, Mohamed},
    pages = {020002},
    doi = {10.1063/5.0029913}
}

@article{daSilva2016SingularityParameters,
    title = {{Singularity of generalized grey Brownian motions with different parameters}},
    year = {2016},
    author = {da Silva, José Luís and Erraoui, Mohamed},
    month = {11},
    doi = {10.1080/07362994.2018.1452153},
    arxivId = {1611.02495}
}

@article{Bergomi2005SmileII,
    title = {{Smile dynamics II}},
    year = {2005},
    journal = {Risk},
    author = {Bergomi, L},
    month = {10}
}

@article{Pacati2018SmilingModel,
    title = {{Smiling twice: The Heston++ model}},
    year = {2018},
    journal = {Journal of Banking {\&} Finance},
    author = {Pacati, Claudio and Pompa, Gabriele and Ren{\`{o}}, Roberto},
    pages = {185--206},
    volume = {96},
    publisher = {Elsevier}
}

@article{Jia2019SomeFunction,
    title = {{Some Remarks on Estimate of Mittag-Leffler Function}},
    year = {2019},
    journal = {Journal of Function Spaces},
    author = {Jia, Jia and Wang, Zhen and Huang, Xia and Wei, Yunliang},
    month = {4},
    pages = {1--9},
    volume = {2019},
    doi = {10.1155/2019/6091602},
    issn = {2314-8896}
}

@article{Mainardi2010TheSurvey,
    title = {{The -Wright Function in Time-Fractional Diffusion Processes: A Tutorial Survey}},
    year = {2010},
    journal = {International Journal of Differential Equations},
    author = {Mainardi, Francesco and Mura, Antonio and Pagnini, Gianni},
    pages = {1--29},
    volume = {2010},
    doi = {10.1155/2010/104505},
    issn = {1687-9643}
}

@article{Guyon2019TheSolved,
    title = {{The joint S{\&}P 500/VIX smile calibration puzzle solved}},
    year = {2019},
    journal = {Available at SSRN 3397382},
    author = {Guyon, Julien}
}

@book{Nualart2006TheTopics,
    title = {{The Malliavin Calculus and Related Topics}},
    year = {2006},
    author = {Nualart, David},
    publisher = {Springer-Verlag},
    address = {Berlin/Heidelberg},
    isbn = {3-540-28328-5},
    doi = {10.1007/3-540-28329-3}
}

@article{Lee2004THESTRIKES,
    title = {{THE MOMENT FORMULA FOR IMPLIED VOLATILITY AT EXTREME STRIKES}},
    year = {2004},
    journal = {Mathematical Finance},
    author = {Lee, Roger W.},
    number = {3},
    month = {7},
    pages = {469--480},
    volume = {14},
    doi = {10.1111/j.0960-1627.2004.00200.x},
    issn = {0960-1627}
}

@article{Gatheral2020TheProblem,
    title = {{The quadratic rough Heston model and the joint S{\&}P 500/VIX smile calibration problem}},
    year = {2020},
    journal = {arXiv preprint arXiv:2001.01789},
    author = {Gatheral, Jim and Jusselin, Paul and Rosenbaum, Mathieu}
}

@article{Madan1990TheReturns,
    title = {{The Variance Gamma (V.G.) Model for Share Market Returns}},
    year = {1990},
    journal = {The Journal of Business},
    author = {Madan, Dilip B and Seneta, Eugene},
    number = {4},
    pages = {511--524},
    volume = {63},
    publisher = {University of Chicago Press},
    url = {http://www.jstor.org/stable/2353303},
    issn = {00219398, 15375374}
}

@article{Guyon2020TheSkew,
    title = {{The VIX Future in Bergomi Models: Analytic Expansions and Joint Calibration with S{\&}P 500 Skew}},
    year = {2020},
    journal = {Available at SSRN},
    author = {Guyon, Julien}
}

@book{Gatheral2006TheGuide,
    title = {{The Volatility Surface: A Practitioner's Guide}},
    year = {2006},
    author = {Gatheral, J},
    series = {Wiley finance series},
    publisher = {John Wiley {\&} Sons},
    url = {https://books.google.co.uk/books?id=morbjwEACAAJ},
    isbn = {9781119202073}
}

@phdthesis{Petram2011The1602-1700,
    title = {{The world’s first stock exchange: how the Amsterdam market for Dutch East India Company shares became a modern securities market, 1602-1700}},
    year = {2011},
    author = {Petram, Lodewijk O.},
    school = {Universiteit van Amsterdam},
    address = {Amsterdam}
}

@inproceedings{DeMarco2018VolatilityModels,
    title = {{Volatility derivatives in (rough) forward variance models}},
    year = {2018},
    booktitle = {presentation at the Bachelier congress},
    author = {De Marco, Stefano},
    month = {7}
}

@article{Guyon2022VolatilityPath-Dependent,
    title = {{Volatility Is (Mostly) Path-Dependent}},
    year = {2022},
    journal = {SSRN Electronic Journal},
    author = {Guyon, Julien and Lekeufack Sopze, Jordan},
    doi = {10.2139/ssrn.4174589},
    issn = {1556-5068}
}

@article{Guyon2022VolatilityPath-Dependentb,
    title = {{Volatility Is (Mostly) Path-Dependent}},
    year = {2022},
    journal = {SSRN Electronic Journal},
    author = {Guyon, Julien and Lekeufack Sopze, Jordan},
    doi = {10.2139/ssrn.4174589},
    issn = {1556-5068}
}

@article{Gatheral2018VolatilityRough,
    title = {{Volatility is rough}},
    year = {2018},
    journal = {Quantitative Finance},
    author = {Gatheral, Jim and Jaisson, Thibault and Rosenbaum, Mathieu},
    number = {6},
    month = {3},
    pages = {933--949},
    volume = {18},
    publisher = {Informa UK Limited},
    doi = {10.1080/14697688.2017.1393551}
}

@article{GatheralVolatilityRough,
    title = {{Volatility is rough}},
    author = {Gatheral, Jim and Jaisson, Thibault and Rosenbaum, Mathieu},
    keywords = {q-fin.MF, q-fin.ST, q-fin.TR}
}

@article{Horvath2020VolatilityModels,
    title = {{Volatility Options in Rough Volatility Models}},
    year = {2020},
    journal = {SIAM Journal on Financial Mathematics},
    author = {Horvath, Blanka and Jacquier, Antoine and Tankov, Peter},
    number = {2},
    month = {1},
    pages = {437--469},
    volume = {11},
    doi = {10.1137/18M1169242},
    issn = {1945-497X}
}