@article{Heston1993AOptions,
    title = {{A Closed-Form Solution for Options with Stochastic Volatility with Applications to Bond and Currency Options}},
    year = {1993},
    journal = {Review of Financial Studies},
    author = {Heston, Steven L},
    number = {2},
    month = {4},
    pages = {327--343},
    volume = {6},
    publisher = {Oxford University Press (OUP)},
    doi = {10.1093/rfs/6.2.327}
}

@article{Lord2009AModels,
    title = {{A comparison of biased simulation schemes for stochastic volatility models}},
    year = {2009},
    journal = {Quantitative Finance},
    author = {Lord, Roger and Koekkoek, Remmert and Van Dijk, Dick},
    number = {2},
    month = {4},
    pages = {177--194},
    volume = {10},
    publisher = {Informa UK Limited},
    doi = {10.1080/14697680802392496}
}

@article{Garcia2007AIntegrals,
    title = {{A Large Deviation Principle for Stochastic Integrals}},
    year = {2007},
    journal = {Journal of Theoretical Probability},
    author = {Garcia, Jorge},
    number = {2},
    month = {12},
    pages = {476--501},
    volume = {21},
    publisher = {Springer Science and Business Media LLC},
    doi = {10.1007/s10959-007-0136-4}
}

@article{Platen1998AModel,
    title = {{A non-linear stochastic volatility model}},
    year = {1998},
    journal = {Centre for Mathematics and Its Applications, Australian National University},
    author = {Platen, Eckhard},
    publisher = {Centre for Mathematics and Its Applications, Australian National University}
}

@article{Heston1997AVolatility,
    title = {{A simple new formula for options with stochastic volatility}},
    year = {1997},
    author = {Heston, Steven L},
    publisher = {OLIN-97-23}
}

@article{Lewis2001AProcesses,
    title = {{A Simple Option Formula for General Jump-Diffusion and Other Exponential L{\'{e}}vy Processes}},
    year = {2001},
    journal = {SSRN Electronic Journal},
    author = {Lewis, Alan L},
    publisher = {Elsevier BV},
    doi = {10.2139/ssrn.282110}
}

@article{Cox1985ARates,
    title = {{A theory of the term structure of interest rates}},
    year = {1985},
    journal = {Econometrica},
    author = {Cox, John C and Ingersoll, Jonathan E and Ross, Stephen A},
    number = {2},
    pages = {385--407},
    volume = {53}
}

@article{Schilder1966AsymptoticIntegrals,
    title = {{Asymptotic formulas for Wiener integrals}},
    year = {1966},
    journal = {Transactions of the AMS},
    author = {Schilder, M},
    pages = {63--85},
    volume = {125}
}

@article{Sepp2012BetaModel,
    title = {{Beta stochastic volatility model}},
    year = {2012},
    journal = {Risk Magazine},
    author = {Sepp, Artur and Karasinski, Piotr},
    pages = {66--71}
}

@book{Karatzas2012BrownianCalculus,
    title = {{Brownian Motion and Stochastic Calculus}},
    year = {2012},
    author = {Karatzas, Ioannis and Shreve, Steven E.},
    volume = {},
    publisher = {Springer New York},
    address = {New York, NY},
    isbn = {978-0-387-97655-6},
    doi = {10.1007/978-1-4612-0949-2}
}

@book{Rockafellar1974ConjugateOptimization,
    title = {{Conjugate duality and optimization}},
    year = {1974},
    author = {Rockafellar, Tyrrell R},
    publisher = {SIAM}
}

@article{Pennanen2011ConvexFinance,
    title = {{Convex duality in stochastic optimization and mathematical finance}},
    year = {2011},
    journal = {Mathematics of Operations Research},
    author = {Pennanen, Teemu},
    number = {2},
    pages = {340--362},
    volume = {36},
    publisher = {INFORMS}
}

@article{Glasserman1997CounterexamplesProbabilities,
    title = {{Counterexamples in importance sampling for large deviations probabilities}},
    year = {1997},
    journal = {The Annals of Applied Probability},
    author = {Glasserman, Paul and Wang, Yashan},
    number = {3},
    pages = {731--746},
    volume = {7}
}

@article{Varadhan1967DiffusionInterval,
    title = {{Diffusion processes in a small time interval}},
    year = {1967},
    journal = {Communications on Pure and Applied Mathematics},
    author = {Varadhan, S R Srinivasa},
    number = {4},
    pages = {659--685},
    volume = {20}
}

@article{Biagini2018DualityFinance,
    title = {{Duality and optimality conditions in stochastic optimization and mathematical finance}},
    year = {2018},
    journal = {Journal of Convex Analysis},
    author = {Biagini, Sara and Pennanen, Teemu and Perkki{\"{o}}, Ari-Pekka},
    pages = {403--420},
    volume = {25}
}

@book{Ellis2006EntropyMechanics,
    title = {{Entropy, Large Deviations, and Statistical Mechanics}},
    year = {2006},
    author = {Ellis, Richard S.},
    publisher = {Springer Berlin Heidelberg},
    address = {Berlin, Heidelberg},
    isbn = {978-3-540-29059-9},
    doi = {10.1007/3-540-29060-5}
}

@article{Baldi2011GeneralDiffusions,
    title = {{General Freidlin-Wentzell large deviations and positive diffusions}},
    year = {2011},
    journal = {Statistics {\&} Probability Letters},
    author = {Baldi, Paolo and Caramellino, Lucia},
    number = {8},
    month = {8},
    pages = {1218--1229},
    volume = {81},
    publisher = {Elsevier BV},
    doi = {10.1016/j.spl.2011.03.020}
}

@article{Bollerslev1986GeneralizedHeteroskedasticity,
    title = {{Generalized autoregressive conditional heteroskedasticity}},
    year = {1986},
    journal = {Journal of econometrics},
    author = {Bollerslev, Tim},
    number = {3},
    pages = {307--327},
    volume = {31},
    publisher = {Elsevier}
}

@article{Dupuis2012ImportanceDiffusions,
    title = {{Importance Sampling for Multiscale Diffusions}},
    year = {2012},
    journal = {Multiscale Modeling {\&} Simulation},
    author = {Dupuis, Paul and Spiliopoulos, Konstantinos and Wang, Hui},
    number = {1},
    pages = {1--27},
    volume = {10}
}

@article{Morse2020ImportanceDeviations,
    title = {{Importance sampling for slow-fast diffusions based on moderate deviations}},
    year = {2020},
    journal = {Multiscale Modeling {\&} Simulation},
    author = {Morse, Matthew R and Spiliopoulos, Konstantinos},
    number = {1},
    pages = {315--350},
    volume = {18},
    publisher = {SIAM}
}

@article{Hartmann2018ImportanceVariables,
    title = {{Importance sampling in path space for diffusion processes with slow-fast variables}},
    year = {2018},
    journal = {Probability Theory and Related Fields},
    author = {Hartmann, Carsten and Sch{\"{u}}tte, Christof and Weber, Marcus and Zhang, Wei},
    number = {1},
    pages = {177--228},
    volume = {170}
}

@article{Siegmund1976ImportanceTests,
    title = {{Importance Sampling in the Monte Carlo Study of Sequential Tests}},
    year = {1976},
    journal = {The Annals of Statistics},
    author = {Siegmund, David},
    pages = {673--684}
}

@article{Dupuis2004ImportanceGames,
    title = {{Importance sampling, large deviations, and differential games}},
    year = {2004},
    journal = {Stochastics: An International Journal of Probability and Stochastic Processes},
    author = {Dupuis, Paul and Wang, Hui},
    number = {6},
    pages = {481--508},
    volume = {76},
    publisher = {Taylor {\&} Francis}
}

@article{Geha2023LargeModel,
    title = {{Large and moderate deviations for importance sampling in the Heston model}},
    year = {2023},
    journal = {Annals of Operations Research},
    author = {Geha, Marc and Jacquier, Antoine and {\v{Z}}uri{\v{c}}, Å½an},
    month = {6},
    doi = {10.1007/s10479-023-05424-0},
    issn = {0254-5330}
}

@article{Jacquier2022LargeSystems,
    title = {{Large and moderate deviations for stochastic Volterra systems}},
    year = {2022},
    journal = {Stochastic Processes and their Applications},
    author = {Jacquier, Antoine and Pannier, Alexandre},
    pages = {142--187},
    volume = {149},
    publisher = {Elsevier}
}

@book{Friz2015LargeFinance,
    title = {{Large Deviations and Asymptotic Methods in Finance}},
    year = {2015},
    author = {Friz, Peter K. and Gatheral, Jim and Gulisashvili, Archil and Jacquier, Antoine and Teichmann, Josef},
    editor = {Friz, Peter K. and Gatheral, Jim and Gulisashvili, Archil and Jacquier, Antoine and Teichmann, Josef},
    volume = {110},
    publisher = {Springer International Publishing},
    address = {Cham},
    isbn = {978-3-319-11604-4},
    doi = {10.1007/978-3-319-11605-1}
}

@article{Lynch1987LargeIncrements,
    title = {{Large Deviations for Processes with Independent Increments}},
    year = {1987},
    journal = {The Annals of Probability},
    author = {Lynch, James and Sethuraman, Jayaram},
    number = {2},
    pages = {610--627},
    volume = {15},
    publisher = {Institute of Mathematical Statistics},
    url = {http://www.jstor.org/stable/2244064},
    issn = {00911798}
}

@article{Donati-Martin2004LargeProcesses,
    title = {{Large deviations for squares of Bessel and Ornstein-Uhlenbeck processes}},
    year = {2004},
    journal = {Probability Theory and Related Fields},
    author = {Donati-Martin, Catherine and Rouault, Alain and Yor, Marc and Zani, Marguerite},
    number = {2},
    pages = {261--289},
    volume = {129}
}

@article{Gulisashvili2018LargeModels,
    title = {{Large deviations principle for Volterra type fractional stochastic volatility models}},
    year = {2018},
    journal = {SIAM Journal on Financial Mathematics},
    author = {Gulisashvili, Archil},
    number = {3},
    pages = {1102--1136},
    volume = {9},
    publisher = {SIAM}
}

@book{Dembo2010LargeApplications,
    title = {{Large deviations techniques and applications}},
    year = {2010},
    author = {Dembo, Amir and Zeitouni, Ofer},
    publisher = {Springer},
    doi = {10.1007/978-3-642-03311-7}
}

@article{Grbac2021Long-TimeModels,
    title = {{Long-Time Trajectorial Large Deviations and Importance Sampling for Affine Stochastic Volatility Models}},
    year = {2021},
    journal = {Advances in Applied Probability},
    author = {Grbac, Zorana and Krief, David and Tankov, Peter},
    number = {1},
    month = {3},
    pages = {220--250},
    volume = {53},
    publisher = {Cambridge University Press (CUP)},
    doi = {10.1017/apr.2020.58}
}

@article{Morse2017ModerateDiffusions,
    title = {{Moderate deviations for systems of slow-fast diffusions}},
    year = {2017},
    journal = {Asymptotic Analysis},
    author = {Morse, Matthew R and Spiliopoulos, Konstantinos},
    pages = {97--135},
    volume = {105},
    publisher = {IOS Press},
    doi = {10.3233/ASY-171434},
    issn = {18758576, 09217134}
}

@article{Dupuis2017ModerateEquations,
    title = {{Moderate deviations-based importance sampling for stochastic recursive equations}},
    year = {2017},
    journal = {Advances in Applied Probability},
    author = {Dupuis, Paul and Johnson, Dane},
    number = {4},
    pages = {981--1010},
    volume = {49}
}

@book{Glasserman2004MonteEngineering,
    title = {{Monte Carlo methods in Financial Engineering}},
    year = {2004},
    author = {Glasserman, Paul},
    volume = {53},
    publisher = {Springer}
}

@book{Binder2012MontePhysics,
    title = {{Monte Carlo methods in statistical physics}},
    year = {2012},
    author = {Binder, Kurt and Ceperley, David M and Hansen, J-P and Kalos, M H and Landau, D P and Levesque, D and Mueller-Krumbhaar, H and Stauffer, D and Weis, J-J},
    volume = {7},
    publisher = {Springer Science {\&} Business Media}
}

@article{Jaber2018Multi-factorModels,
    title = {{Multi-factor approximation of rough volatility models}},
    year = {2018},
    journal = {SIAM Journal of Financial Mathematics},
    author = {Jaber, Eduardo Abi and Euch, Omar El},
    number = {2},
    pages = {309--349},
    volume = {10}
}

@book{Fouque2009MultiscaleDerivatives,
    title = {{Multiscale Stochastic Volatility for Equity, Interest Rate, and Credit Derivatives}},
    year = {2009},
    author = {Fouque, Jean-Pierre and Papanicolaou, George and Sircar, Ronnie and Solna, Knut},
    publisher = {Cambridge University Press},
    doi = {10.1017/cbo9781139020534}
}

@article{Chiarini2014OnProcesses,
    title = {{On large deviations for small-noise It{\^{o}} processes}},
    year = {2014},
    journal = {Advances in Applied Probability},
    author = {Chiarini, Alberto and Fischer, Markus},
    number = {4},
    month = {12},
    pages = {1126--1147},
    volume = {46},
    publisher = {Cambridge University Press (CUP)},
    doi = {10.1239/aap/1418396246}
}

@article{Kiefer1961OnLogarithm,
    title = {{On large deviations of the empiric d. f. of vector chance variables and a law of the iterated logarithm}},
    year = {1961},
    journal = {Pacific Journal of Mathematics},
    author = {Kiefer, Jack Carl},
    number = {2},
    month = {12},
    volume = {11}
}

@incollection{Conforti2015OnModels,
    title = {{On small-noise equations with degenerate limiting system arising from volatility models}},
    year = {2015},
    booktitle = {Large Deviations and Asymptotic Methods in Finance},
    author = {Conforti, Giovanni and De Marco, Stefano and Deuschel, Jean-Dominique},
    pages = {473--505},
    publisher = {Springer}
}

@article{Yamada1971OnEquations,
    title = {{On the uniqueness of solutions of stochastic differential equations}},
    year = {1971},
    journal = {Kyoto Journal of Mathematics},
    author = {Yamada, Toshio and Watanabe, Shinzo},
    number = {1},
    month = {1},
    volume = {11},
    publisher = {Duke University Press},
    doi = {10.1215/kjm/1250523691}
}

@article{Guasoni2007OptimalTime,
    title = {{Optimal importance sampling with explicit formulas in continuous time}},
    year = {2007},
    journal = {Finance and Stochastics},
    author = {Guasoni, Paolo and Robertson, Scott},
    number = {1},
    month = {9},
    pages = {1--19},
    volume = {12},
    publisher = {Springer Science and Business Media LLC},
    doi = {10.1007/s00780-007-0053-5}
}

@article{Carr1999OptionTransform,
    title = {{Option valuation using the fast Fourier transform}},
    year = {1999},
    journal = {The Journal of Computational Finance},
    author = {Carr, Peter and Madan, Dilip},
    number = {4},
    pages = {61--73},
    volume = {2},
    publisher = {Infopro Digital Services Ltd},
    doi = {10.21314/jcf.1999.043}
}

@article{Jacquier2018PathwiseModel,
    title = {{Pathwise large deviations for the rough Bergomi model}},
    year = {2018},
    journal = {Journal of Applied Probability},
    author = {Jacquier, Antoine and Pakkanen, Mikko S and Stone, Henry},
    number = {4},
    pages = {1078--1092},
    volume = {55},
    publisher = {Cambridge University Press}
}

@article{Gerhold2021PathwiseCorrigendum,
    title = {{Pathwise large deviations for the rough Bergomi model: Corrigendum}},
    year = {2021},
    journal = {Journal of Applied Probability},
    author = {Gerhold, Stefan and Jacquier, Antoine and Pakkanen, Mikko and Stone, Henry and Wagenhofer, Thomas},
    number = {3},
    pages = {849--850},
    volume = {58},
    publisher = {Cambridge University Press}
}

@article{Jacquier2019PathwisePricing,
    title = {{Pathwise moderate deviations for option pricing}},
    year = {2019},
    journal = {Mathematical Finance},
    author = {Jacquier, Antoine and Spiliopoulos, Konstantinos},
    number = {2},
    month = {11},
    pages = {426--463},
    volume = {30},
    publisher = {Wiley},
    doi = {10.1111/mafi.12228}
}

@book{Klenke2014ProbabilityTheory,
    title = {{Probability Theory}},
    year = {2014},
    author = {Klenke, Achim},
    publisher = {Springer London},
    doi = {10.1007/978-1-4471-5361-0}
}

@book{Freidlin2012RandomSystems,
    title = {{Random perturbations of dynamical systems}},
    year = {2012},
    author = {Freidlin, Mark I and Wentzell, Alexander D},
    publisher = {Springer},
    doi = {10.1007/978-3-642-25847-3}
}

@book{Manly2018RandomizationBiology,
    title = {{Randomization, bootstrap and Monte Carlo methods in biology}},
    year = {2018},
    author = {Manly, Bryan F J},
    publisher = {Chapman and Hall}
}

@article{Robertson2010SampleModels,
    title = {{Sample path Large Deviations and optimal importance sampling for stochastic volatility models}},
    year = {2010},
    journal = {Stochastic Processes and their Applications},
    author = {Robertson, Scott},
    number = {1},
    month = {1},
    pages = {66--83},
    volume = {120},
    publisher = {Elsevier BV},
    doi = {10.1016/j.spa.2009.10.010}
}

@article{Bayer2018Short-timeModels,
    title = {{Short-time near-the-money skew in rough fractional volatility models}},
    year = {2018},
    journal = {Quantitative Finance},
    author = {Bayer, Christian and Friz, Peter K and Gulisashvili, A and Horvath, Blanka and Stemper, B},
    number = {5},
    month = {11},
    pages = {779--798},
    volume = {19},
    publisher = {Informa UK Limited},
    doi = {10.1080/14697688.2018.1529420}
}

@article{Cramer1938SurProbabilites,
    title = {{Sur un nouveau th{\'{e}}or{\`{e}}me-limite de la th{\'{e}}orie des probabilit{\'{e}}s}},
    year = {1938},
    journal = {Actualit{\'{e}}s Scientifiques et Industrielles},
    author = {Cram{\'{e}}r, Harald},
    pages = {5--23},
    volume = {736}
}

@article{Euch2018TheModels,
    title = {{The characteristic function of rough Heston models}},
    year = {2018},
    journal = {Mathematical Finance},
    author = {Euch, Omar El and Rosenbaum, Mathieu},
    number = {1},
    month = {2},
    pages = {3--38},
    volume = {29},
    publisher = {Wiley},
    doi = {10.1111/mafi.12173}
}

@article{Gulisashvili2021Time-inhomogeneousRoughness,
    title = {{Time-inhomogeneous Gaussian stochastic volatility models: Large deviations and super roughness}},
    year = {2021},
    journal = {Stochastic Processes and their Applications},
    author = {Gulisashvili, Archil},
    pages = {37--79},
    volume = {139},
    publisher = {Elsevier}
}

@article{Gatheral2018VolatilityRough,
    title = {{Volatility is rough}},
    year = {2018},
    journal = {Quantitative Finance},
    author = {Gatheral, Jim and Jaisson, Thibault and Rosenbaum, Mathieu},
    number = {6},
    pages = {933--949},
    volume = {18},
    publisher = {Taylor {\&} Francis}
}