@article{Heston1997AOptions,
    title = {{A Closed-Form Solution for Options with Stochastic Volatility and Applications to Bond and Currency Options}},
    year = {1997},
    journal = {The Review of Financial Studies},
    author = {Heston, S L},
    number = {2},
    pages = {327--343},
    volume = {6}
}

@article{Heston1993AOptions,
    title = {{A Closed-Form Solution for Options with Stochastic Volatility with Applications to Bond and Currency Options}},
    year = {1993},
    journal = {Review of Financial Studies},
    author = {Heston, Steven L},
    number = {2},
    month = {4},
    pages = {327--343},
    volume = {6},
    publisher = {Oxford University Press (OUP)},
    doi = {10.1093/rfs/6.2.327}
}

@article{Peng1990AProblems,
    title = {{A General Stochastic Maximum Principle for Optimal Control Problems}},
    year = {1990},
    journal = {SIAM Journal on Control and Optimization},
    author = {Peng, S},
    number = {4},
    pages = {966--979},
    volume = {28},
    url = {https://doi.org/10.1137/0328054},
    doi = {10.1137/0328054}
}

@article{Cuchiero2020AModels,
    title = {{A generative adversarial network approach to calibration of local stochastic volatility models}},
    year = {2020},
    journal = {arXiv:2005.02505},
    author = {Cuchiero, Christa and Khosrawi, Wahid and Teichmann, Josef}
}

@article{McCulloch1943AActivity,
    title = {{A logical calculus of the ideas immanent in nervous activity}},
    year = {1943},
    journal = {The Bulletin of Mathematical Biophysics},
    author = {McCulloch, Warren S. and Pitts, Walter},
    number = {4},
    month = {12},
    pages = {115--133},
    volume = {5},
    doi = {10.1007/BF02478259},
    issn = {0007-4985}
}

@article{Mei2018ANetworks,
    title = {{A mean field view of the landscape of two-layer neural networks}},
    year = {2018},
    journal = {Proceedings of the National Academy of Sciences},
    author = {Mei, Song and Montanari, Andrea and Nguyen, Phan-Minh},
    number = {33},
    pages = {E7665–E7671},
    volume = {115},
    publisher = {National Acad Sciences}
}

@article{Liu2019ACalibration,
    title = {{A neural network-based framework for financial model calibration}},
    year = {2019},
    journal = {Journal of Mathematics in Industry},
    author = {Liu, Shuaiqiang and Borovykh, Anastasia and Grzelak, Lech A and Oosterlee, Cornelis W},
    number = {1},
    pages = {9},
    volume = {9},
    publisher = {Springer}
}

@article{Chizat2018AProgramming,
    title = {{A note on lazy training in supervised differentiable programming}},
    year = {2018},
    journal = {arXiv:1812.07956},
    author = {Chizat, Lenaic and Bach, Francis}
}

@article{Chassagneux2014AEquilibria,
    title = {{A probabilistic approach to classical solutions of the master equation for large population equilibria}},
    year = {2014},
    journal = {arXiv:1411.3009},
    author = {Chassagneux, Jean-François and Crisan, Dan and Delarue, François}
}

@article{Grohs2018AEquations,
    title = {{A proof that artificial neural networks overcome the curse of dimensionality in the numerical approximation of Black–Scholes partial differential equations}},
    year = {2018},
    journal = {arXiv:1809.02362},
    author = {Grohs, Philipp and Hornung, Fabian and Jentzen, Arnulf and von Wurstemberger, Philippe}
}

@article{Jentzen2018ACoefficients,
    title = {{A proof that deep artificial neural networks overcome the curse of dimensionality in the numerical approximation of Kolmogorov partial differential equations with constant diffusion and nonlinear drift coefficients}},
    year = {2018},
    journal = {arXiv:1809.07321},
    author = {Jentzen, Arnulf and Salimova, Diyora and Welti, Timo}
}

@article{Hutzenthaler2019AEquations,
    title = {{A proof that rectified deep neural networks overcome the curse of dimensionality in the numerical approximation of semilinear heat equations}},
    year = {2019},
    journal = {arXiv:1901.10854},
    author = {Hutzenthaler, Martin and Jentzen, Arnulf and Kruse, Thomas and Nguyen, Tuan Anh}
}

@article{Robbins1951AMethod,
    title = {{A stochastic approximation method}},
    year = {1951},
    journal = {The annals of mathematical statistics},
    author = {Robbins, Herbert and Monro, Sutton},
    pages = {400--407},
    publisher = {JSTOR}
}

@article{Bossy1997AEquation,
    title = {{A stochastic particle method for the McKean-Vlasov and the Burgers equation}},
    year = {1997},
    journal = {Mathematics of Computation of the American Mathematical Society},
    author = {Bossy, Mireille and Talay, Denis},
    number = {217},
    pages = {157--192},
    volume = {66}
}

@article{Karras2018ANetworks,
    title = {{A Style-Based Generator Architecture for Generative Adversarial Networks}},
    year = {2018},
    journal = {arXiv:1812.04948},
    author = {Karras, Tero and Laine, Samuli and Aila, Timo},
    month = {12},
    arxivId = {1812.04948}
}

@article{Kutyniok2019APDEs,
    title = {{A theoretical analysis of deep neural networks and parametric PDEs}},
    year = {2019},
    journal = {arXiv:1904.00377},
    author = {Kutyniok, Gitta and Petersen, Philipp and Raslan, Mones and Schneider, Reinhold}
}

@article{Wibisono2016AOptimization,
    title = {{A variational perspective on accelerated methods in optimization}},
    year = {2016},
    journal = {proceedings of the National Academy of Sciences},
    author = {Wibisono, Andre and Wilson, Ashia C and Jordan, Michael I},
    number = {47},
    pages = {E7351–E7358},
    volume = {113},
    publisher = {National Acad Sciences}
}

@book{Dupuis1997ADeviations,
    title = {{A Weak Convergence Approach to the Theory of Large Deviations}},
    year = {1997},
    author = {Dupuis, P and Ellis, R S},
    series = {Wiley Series in Probability and Statistics},
    publisher = {Wiley}
}

@article{Benth2020AccuracyCurves,
    title = {{Accuracy of Deep Learning in Calibrating HJM Forward Curves}},
    year = {2020},
    journal = {arXiv:2006.01911},
    author = {Benth, Fred Espen and Detering, Nils and Lavagnini, Silvia}
}

@article{Goyal2017AccurateHour,
    title = {{Accurate, large minibatch sgd: Training imagenet in 1 hour}},
    year = {2017},
    journal = {arXiv:1706.02677},
    author = {Goyal, Priya and Doll{\'{a}}r, Piotr and Girshick, Ross and Noordhuis, Pieter and Wesolowski, Lukasz and Kyrola, Aapo and Tulloch, Andrew and Jia, Yangqing and He, Kaiming}
}

@article{Kingma2014Adam:Optimization,
    title = {{Adam: A method for stochastic optimization}},
    year = {2014},
    journal = {arXiv:1412.6980},
    author = {Kingma, Diederik P and Ba, Jimmy}
}

@book{Benveniste2012AdaptiveApproximations,
    title = {{Adaptive algorithms and stochastic approximations}},
    year = {2012},
    author = {Benveniste, Albert and M{\'{e}}tivier, Michel and Priouret, Pierre},
    volume = {22},
    publisher = {Springer Science {\&} Business Media}
}

@article{Huang2017AdversarialPolicies,
    title = {{Adversarial Attacks on Neural Network Policies}},
    year = {2017},
    journal = {arXiv:1702.02284},
    author = {Huang, Sandy and Papernot, Nicolas and Goodfellow, Ian and Duan, Yan and Abbeel, Pieter}
}

@article{Casgrain2018AlgorithmicApproach,
    title = {{Algorithmic trading with partial information: A mean field game approach}},
    year = {2018},
    journal = {arXiv:1803.04094},
    author = {Casgrain, Philippe and Jaimungal, Sebastian}
}

@article{Neuenkirch2019AnAnalysis,
    title = {{An adaptive Euler-Maruyama scheme for stochastic differential equations with discontinuous drift and its convergence analysis}},
    year = {2019},
    journal = {SIAM Journal on Numerical Analysis},
    author = {Neuenkirch, Andreas and Sz{\"{o}}lgyenyi, Michaela and Szpruch, Lukasz},
    number = {1},
    pages = {378--403},
    volume = {57},
    doi = {10.1137/18M1170017},
    keywords = {60H10, 65C20, 65C30, 65L20, math.NA, math.PR}
}

@article{Hambly2019AnContagion,
    title = {{An SPDE model for systemic risk with endogenous contagion}},
    year = {2019},
    journal = {Finance and Stochastics},
    author = {Hambly, Ben and S{\o}jmark, Andreas},
    pages = {1--60},
    publisher = {Springer}
}

@article{Javanmard2019AnalysisConvexity,
    title = {{Analysis of a Two-Layer Neural Network via Displacement Convexity}},
    year = {2019},
    journal = {arXiv:1901.01375},
    author = {Javanmard, Adel and Mondelli, Marco and Montanari, Andrea}
}

@article{Szpruch2019AntitheticSDEs,
    title = {{Antithetic multilevel particle system sampling method for McKean-Vlasov SDEs}},
    year = {2019},
    journal = {arXiv:1903.07063},
    author = {Szpruch, Łukasz and Tse, Alvin}
}

@article{Fournie1999ApplicationsFinance,
    title = {{Applications of Malliavin calculus to Monte Carlo methods in finance}},
    year = {1999},
    journal = {Finance and Stochastics},
    author = {Fourni{\'{e}}, Eric and Lasry, Jean-Michel and Lebuchoux, Jérôme and Lions, Pierre-Louis and Touzi, Nizar},
    number = {4},
    pages = {391--412},
    volume = {3},
    publisher = {Springer}
}

@article{Hornik1991ApproximationNetworks,
    title = {{Approximation capabilities of multilayer feedforward networks}},
    year = {1991},
    journal = {Neural Networks},
    author = {Hornik, Kurt},
    number = {2},
    pages = {251--257},
    volume = {4},
    doi = {10.1016/0893-6080(91)90009-T},
    issn = {08936080}
}

@article{Cohen2021Arbitrage-freeModels,
    title = {{Arbitrage-free neural-SDE market models}},
    year = {2021},
    journal = {arXiv:2105.11053},
    author = {Cohen, Samuel N and Reisinger, Christoph and Wang, Sheng}
}

@article{Dupont2019AugmentedOdes,
    title = {{Augmented neural odes}},
    year = {2019},
    journal = {arXiv:1904.01681},
    author = {Dupont, Emilien and Doucet, Arnaud and Teh, Yee Whye}
}

@article{Kingma2013Auto-EncodingBayes,
    title = {{Auto-Encoding Variational Bayes}},
    year = {2013},
    journal = {arXiv:1312.6114 },
    author = {Kingma, Diederik P and Welling, Max},
    month = {12},
    arxivId = {1312.6114}
}

@article{Paszke2017AutomaticPytorch,
    title = {{Automatic differentiation in pytorch}},
    year = {2017},
    author = {Paszke, Adam and Gross, Sam and Chintala, Soumith and Chanan, Gregory and Yang, Edward and DeVito, Zachary and Lin, Zeming and Desmaison, Alban and Antiga, Luca and Lerer, Adam}
}

@book{Karatzas2012BrownianCalculus,
    title = {{Brownian Motion and Stochastic Calculus}},
    year = {2012},
    author = {Karatzas, Ioannis and Shreve, Steven E.},
    volume = {},
    publisher = {Springer New York},
    address = {New York, NY},
    isbn = {978-0-387-97655-6},
    doi = {10.1007/978-1-4612-0949-2}
}

@article{Tian2015CalibratingModel,
    title = {{Calibrating and pricing with a stochastic-local volatility model}},
    year = {2015},
    journal = {The Journal of Derivatives},
    author = {Tian, Yu and Zhu, Zili and Lee, Geoffrey and Klebaner, Fima and Hamza, Kais},
    number = {3},
    pages = {21--39},
    volume = {22},
    publisher = {Institutional Investor Journals Umbrella}
}

@article{Avellaneda1997CalibratingMinimization,
    title = {{Calibrating volatility surfaces via relative-entropy minimization}},
    year = {1997},
    journal = {Applied Mathematical Finance},
    author = {Avellaneda, Marco and Friedman, Craig and Holmes, Richard and Samperi, Dominick},
    number = {1},
    month = {3},
    pages = {37--64},
    volume = {4},
    publisher = {Informa UK Limited},
    doi = {10.1080/135048697334827}
}

@article{Guo2022CalibrationTransport,
    title = {{Calibration of Local-Stochastic Volatility Models by Optimal Transport}},
    year = {2022},
    journal = {Mathematical Finance},
    author = {Guo, Ivan and Loeper, Gregoire and Wang, Shiyi},
    number = {1},
    month = {1},
    pages = {46--77},
    volume = {32},
    arxivId = {1906.06478},
    keywords = {math.OC, q-fin.MF}
}

@article{Acciaio2020CausalOptimization,
    title = {{Causal optimal transport and its links to enlargement of filtrations and continuous-time stochastic optimization}},
    year = {2020},
    journal = {Stochastic Processes and their Applications},
    author = {Acciaio, Beatrice and Backhoff-Veraguas, Julio and Zalashko, Anastasiia},
    number = {5},
    month = {5},
    pages = {2918--2953},
    volume = {130},
    doi = {10.1016/j.spa.2019.08.009},
    issn = {03044149}
}

@article{Lassalle2013CausalProblems,
    title = {{Causal transference plans and their Monge-Kantorovich problems}},
    year = {2013},
    author = {Lassalle, Rémi},
    month = {3},
    arxivId = {1303.6925}
}

@article{NicoleElKarouiNguyenDuhuu1987CompactificationControl,
    title = {{Compactification Methods in the Control of Degenerate Diffusions: Existence of an Optimal Control}},
    year = {1987},
    journal = {Stochastics},
    author = {Nicole El Karoui Nguyen Du'huu, Monique Jeanblanc-pique},
    volume = {20}
}

@article{Sontag1997CompleteNetworks,
    title = {{Complete controllability of continuous-time recurrent neural networks}},
    year = {1997},
    journal = {Systems Control Lett.},
    author = {Sontag, Eduardo and Sussmann, Héctor},
    number = {4},
    pages = {177--183},
    volume = {30},
    url = {https://doi.org/10.1016/S0167-6911(97)00002-9},
    doi = {10.1016/S0167-6911(97)00002-9},
    issn = {0167-6911}
}

@article{Eckstein2019ComputationNetworks,
    title = {{Computation of optimal transport and related hedging problems via penalization and neural networks}},
    year = {2019},
    journal = {Applied Mathematics {\&} Optimization},
    author = {Eckstein, Stephan and Kupper, Michael},
    pages = {1--29},
    publisher = {Springer}
}

@article{Gambara2020ConsistentCalibration,
    title = {{Consistent Recalibration Models and Deep Calibration}},
    year = {2020},
    journal = {arXiv:2006.09455},
    author = {Gambara, Matteo and Teichmann, Josef}
}

@article{Dahl2012Context-dependentRecognition,
    title = {{Context-dependent pre-trained deep neural networks for large-vocabulary speech recognition}},
    year = {2012},
    journal = {IEEE Transactions on audio, speech, and language processing},
    author = {Dahl, G E and Yu, D and Deng, L and Acero, A},
    number = {1},
    pages = {30--42},
    volume = {20}
}

@book{Kazamaki1994ContinuousBMO,
    title = {{Continuous Exponential Martingales and BMO}},
    year = {1994},
    author = {Kazamaki, Norihiko},
    publisher = {Springer-Verlag Berlin Heidelberg}
}

@book{Pham2009Continuous-timeApplications,
    title = {{Continuous-time Stochastic Control and Optimization with Financial Applications}},
    year = {2009},
    author = {Pham, Huyen},
    publisher = {Springer-Verlag Berlin Heidelberg}
}

@book{Cvitanic2012ContractModels,
    title = {{Contract Theory in Continuous-Time Models}},
    year = {2012},
    author = {Cvitanic, Jaksa and Zhang, Jianfeng},
    publisher = {Springer}
}

@book{Krylov1980ControlledProcesses,
    title = {{Controlled Diffusion Processes}},
    year = {1980},
    author = {Krylov, Nicolai V},
    volume = {14},
    publisher = {Springer New York},
    address = {New York, NY},
    isbn = {978-3-540-70913-8},
    doi = {10.1007/978-3-540-70914-5},
    issn = {0172-4568}
}

@book{Billingsley1999ConvergenceMeasures,
    title = {{Convergence of probability measures}},
    year = {1999},
    author = {Billingsley, Patrick},
    publisher = {John Wiley {\&} Sons}
}

@article{Fehrman2019ConvergenceFunctions,
    title = {{Convergence rates for the stochastic gradient descent method for non-convex objective functions}},
    year = {2019},
    journal = {arXiv:1904.01517},
    author = {Fehrman, Benjamin and Gess, Benjamin and Jentzen, Arnulf}
}

@article{Cohen2018DataApproach,
    title = {{Data and uncertainty in extreme risks-a nonlinear expectations approach}},
    year = {2018},
    journal = {World Scientific Book Chapters},
    author = {Cohen, Samuel N and {others}},
    pages = {135--162},
    publisher = {World Scientific}
}

@article{Bayer2018DeepModels,
    title = {{Deep calibration of rough stochastic volatility models}},
    year = {2018},
    journal = {arXiv:1810.03399},
    author = {Bayer, Christian and Stemper, Benjamin},
    keywords = {60G22, 62F10, 62F15, 62M45, 62P05, 68T20, 91B25, 91G20, 91G60, cs.LG, q-fin.PR}
}

@article{Buehler2019DeepHedging,
    title = {{Deep hedging}},
    year = {2019},
    journal = {Quantitative Finance},
    author = {Buehler, Hans and Gonon, Lukas and Teichmann, Josef and Wood, Ben},
    pages = {1--21},
    publisher = {Taylor {\&} Francis}
}

@article{LeCun2015DeepLearning,
    title = {{Deep learning}},
    year = {2015},
    journal = {nature},
    author = {LeCun, Yann and Bengio, Yoshua and Hinton, Geoffrey},
    number = {7553},
    pages = {436},
    volume = {521},
    publisher = {Nature Publishing Group}
}

@book{Goodfellow2016DeepLearning,
    title = {{Deep Learning}},
    year = {2016},
    author = {Goodfellow, Ian and Bengio, Yoshua and Courville, Aaron},
    publisher = {MIT Press}
}

@article{Schwab2019DeepUQ,
    title = {{Deep learning in high dimension: Neural network expression rates for generalized polynomial chaos expansions in UQ}},
    year = {2019},
    journal = {Analysis and Applications},
    author = {Schwab, Christoph and Zech, Jakob},
    number = {01},
    month = {1},
    pages = {19--55},
    volume = {17},
    doi = {10.1142/S0219530518500203},
    issn = {0219-5305}
}

@article{Horvath2020DeepModels,
    title = {{Deep learning volatility: a deep neural network perspective on pricing and calibration in (rough) volatility models}},
    year = {2020},
    journal = {Quantitative Finance},
    author = {Horvath, Blanka and Muguruza, Aitor and Tomas, Mehdi},
    number = {1},
    month = {10},
    pages = {11--27},
    volume = {21},
    publisher = {Informa UK Limited},
    doi = {10.1080/14697688.2020.1817974}
}

@article{E2017DeepEquations,
    title = {{Deep learning-based numerical methods for high-dimensional parabolic partial differential equations and backward stochastic differential equations}},
    year = {2017},
    journal = {Commun. Math. Stat.},
    author = {E, Weinan and Han, Jiequn and Jentzen, Arnulf},
    number = {4},
    pages = {349--380},
    volume = {5}
}

@article{Cuchiero2019DeepODEs,
    title = {{Deep neural networks, generic universal interpolation, and controlled ODEs}},
    year = {2019},
    journal = {arXiv:1908.07838},
    author = {Cuchiero, Christa and Larsson, Martin and Teichmann, Joseph}
}

@article{Casgrain2019DeepNash-DQN,
    title = {{Deep Q-Learning for Nash Equilibria: Nash-DQN}},
    year = {2019},
    journal = {arXiv:1904.10554},
    author = {Casgrain, Philippe and Ning, Brian and Jaimungal, Sebastian}
}

@article{Huang2017DenselyNetworks,
    title = {{Densely connected convolutional networks}},
    year = {2017},
    journal = {CVPR},
    author = {Huang, G and Liu, Z and Van Der Maaten, L and Weinberger, K Q},
    volume = {1}
}

@misc{PyTorchDetachMethod,
    title = {{detach() method}},
    author = {{PyTorch}},
    url = {https://pytorch.org/docs/stable/autograd.html?highlight=detach#torch.Tensor.detach}
}

@book{Amari2012Differential-geometricalStatistics,
    title = {{Differential-geometrical methods in statistics}},
    year = {2012},
    author = {Amari, Shun-ichi},
    volume = {28},
    publisher = {Springer Science {\&} Business Media}
}

@article{Belkin2018DoesOptimality,
    title = {{Does data interpolation contradict statistical optimality?}},
    year = {2018},
    journal = {arXiv:1806.09471},
    author = {Belkin, Mikhail and Rakhlin, Alexander and Tsybakov, Alexandre B}
}

@article{Srivastava2014Dropout:Overfitting,
    title = {{Dropout: a simple way to prevent neural networks from overfitting}},
    year = {2014},
    journal = {The journal of machine learning research},
    author = {Srivastava, Nitish and Hinton, Geoffrey and Krizhevsky, Alex and Sutskever, Ilya and Salakhutdinov, Ruslan},
    number = {1},
    pages = {1929--1958},
    volume = {15},
    publisher = {JMLR. org}
}

@article{Prat2010DynamicUncertainty,
    title = {{Dynamic Incentive Contracts under Parameter Uncertainty}},
    year = {2010},
    journal = {IZA},
    author = {Prat, Julien and Jovanovic, Boyan},
    volume = {DP No. 5323}
}

@article{Cvitanic2015DynamicProblems,
    title = {{Dynamic programming approach to principal-agent problems}},
    year = {2015},
    journal = {Finance and Stochastics},
    author = {Cvitanic, Jaksa and Possamai, Dylan and Touzi, Nizar}
}

@article{Lachapelle2016EfficiencyAnalysis,
    title = {{Efficiency of the price formation process in presence of high frequency participants: a mean field game analysis}},
    year = {2016},
    journal = {Mathematics and Financial Economics},
    author = {Lachapelle, Aimé and Lasry, Jean-Michel and Lehalle, Charles-Albert and Lions, Pierre-Louis},
    number = {3},
    pages = {223--262},
    volume = {10},
    publisher = {Springer}
}

@article{Broadie2011EfficientSimulation,
    title = {{Efficient Risk Estimation via Nested Sequential Simulation}},
    year = {2011},
    journal = {Management Science},
    author = {Broadie, Mark and Du, Yiping and Moallemi, Ciamac C.},
    number = {6},
    month = {6},
    pages = {1172--1194},
    volume = {57},
    doi = {10.1287/mnsc.1110.1330},
    issn = {0025-1909}
}

@article{Kurtz1998ExistenceControls,
    title = {{Existence of Markov controls and characterization of optimal Markov controls}},
    year = {1998},
    journal = {SIAM Journal on Control and Optimization},
    author = {Kurtz, Thomas G and Stockbridge, Richard H},
    number = {2},
    pages = {609--653},
    volume = {36},
    publisher = {SIAM}
}

@book{G.Haussmann1986ExistenceDiffusions,
    title = {{Existence of optimal markovian controls for degenerate diffusions}},
    year = {1986},
    booktitle = {Lecture Notes in Control and Information Sciences, vol . Springer, Berlin, Heidelberg},
    author = {G. Haussmann, U},
    month = {3},
    pages = {171--186},
    volume = {},
    publisher = {Springer},
    doi = {10.1007/BFb0041161}
}

@article{Goodfellow2014ExplainingExamples,
    title = {{Explaining and Harnessing Adversarial Examples}},
    year = {2014},
    journal = {arXiv:1412.6572},
    author = {Goodfellow, Ian J and Shlens, Jonathan and Szegedy, Christian}
}

@inproceedings{Neyshabur2017ExploringLearning,
    title = {{Exploring generalization in deep learning}},
    year = {2017},
    booktitle = {Advances in Neural Information Processing Systems},
    author = {Neyshabur, Behnam and Bhojanapalli, Srinadh and McAllester, David and Srebro, Nati},
    pages = {5947--5956}
}

@article{Liang2019ExponentialNoise,
    title = {{Exponential ergodicity for SDEs and McKean-Vlasov processes with L{\'{e}}vy noise}},
    year = {2019},
    journal = {arXiv:1901.11125},
    author = {Liang, M and Majka, M B and Wang, J}
}

@article{Arora2019Fine-grainedNetworks,
    title = {{Fine-grained analysis of optimization and generalization for overparameterized two-layer neural networks}},
    year = {2019},
    journal = {arXiv:1901.08584},
    author = {Arora, Sanjeev and Du, Simon S and Hu, Wei and Li, Zhiyuan and Wang, Ruosong}
}

@article{Engel2019GANSynth:Synthesis,
    title = {{GANSynth: Adversarial Neural Audio Synthesis}},
    year = {2019},
    journal = {arXiv:1902.08710},
    author = {Engel, Jesse and Agrawal, Kumar Krishna and Chen, Shuo and Gulrajani, Ishaan and Donahue, Chris and Roberts, Adam},
    month = {2},
    arxivId = {1902.08710}
}

@article{Otto2000GeneralizationInequality,
    title = {{Generalization of an Inequality by Talagrand and Links with the Logarithmic Sobolev Inequality}},
    year = {2000},
    journal = {Journal of Functional Analysis},
    author = {Otto, F and Villani, C},
    pages = {361--400},
    volume = {173}
}

@article{Goodfellow2020GenerativeNetworks,
    title = {{Generative adversarial networks}},
    year = {2020},
    journal = {Communications of the ACM},
    author = {Goodfellow, Ian and Pouget-Abadie, Jean and Mirza, Mehdi and Xu, Bing and Warde-Farley, David and Ozair, Sherjil and Courville, Aaron and Bengio, Yoshua},
    number = {11},
    pages = {139--144},
    volume = {63},
    publisher = {ACM New York, NY, USA}
}

@book{Henry1981GeometricEquations,
    title = {{Geometric Theory of Semilinear Parabolic Equations}},
    year = {1981},
    author = {Henry, D},
    series = {Lecture Notes in Mathematics 840},
    publisher = {Springer-Verlag Berlin Heidelberg}
}

@incollection{Bottou2018GeometricalModeling,
    title = {{Geometrical insights for implicit generative modeling}},
    year = {2018},
    booktitle = {Braverman Readings in Machine Learning. Key Ideas from Inception to Current State},
    author = {Bottou, Leon and Arjovsky, Martin and Lopez-Paz, David and Oquab, Maxime},
    pages = {229--268},
    publisher = {Springer}
}

@article{Du2018GradientNetworks,
    title = {{Gradient descent finds global minima of deep neural networks}},
    year = {2018},
    journal = {arXiv:1811.03804},
    author = {Du, Simon S and Lee, Jason D and Li, Haochuan and Wang, Liwei and Zhai, Xiyu}
}

@article{Siska2020GradientProblems,
    title = {{Gradient Flows for Regularized Stochastic Control Problems}},
    year = {2020},
    journal = {arXiv:2006.05956},
    author = {{\v{S}}i{\v{s}}ka, David and Szpruch, Łukasz}
}

@article{Cattiaux2002HypoellipticDiffusions,
    title = {{Hypoelliptic non-homogeneous diffusions}},
    year = {2002},
    journal = {Probability Theory and Related Fields},
    author = {Cattiaux, P and Mesnager, L},
    number = {4},
    pages = {453--483},
    volume = {123}
}

@incollection{Giles2008ImprovedScheme,
    title = {{Improved multilevel Monte Carlo convergence using the Milstein scheme}},
    year = {2008},
    booktitle = {Monte Carlo and Quasi-Monte Carlo Methods 2006},
    author = {Giles, Mike},
    pages = {343--358},
    publisher = {Springer}
}

@article{Neyshabur2014InLearning,
    title = {{In search of the real inductive bias: On the role of implicit regularization in deep learning}},
    year = {2014},
    journal = {arXiv:1412.6614},
    author = {Neyshabur, Behnam and Tomioka, Ryota and Srebro, Nathan}
}

@article{Szpruch2019IterativeEstimation,
    title = {{Iterative Particle Approximation for McKean-Vlasov SDEs with application to Multilevel Monte Carlo estimation}},
    year = {2019},
    journal = {To appear in Annals of Applied Probability},
    author = {Szpruch, Łukasz and Tan, Shuren and Tse, Alvin}
}

@article{Carrillo2003KineticEstimates,
    title = {{Kinetic equilibration rates for granular media and related equations: entropy dissipation and mass transportation estimates}},
    year = {2003},
    journal = {Revista Matematica Iberoamericana},
    author = {Carrillo, José A and McCann, Robert J and Villani, Cédric and {others}},
    number = {3},
    pages = {971--1018},
    volume = {19},
    publisher = {Departamento de Matem{\'{a}}ticas, Universidad Aut{\'{o}}noma de Madrid}
}

@article{Watkins1922KnightsProfit,
    title = {{Knight's Risk, Uncertainty and Profit}},
    year = {1922},
    journal = {The Quarterly Journal of Economics},
    author = {Watkins, George Pendleton and Knight, Frank H.},
    number = {4},
    month = {8},
    pages = {682},
    volume = {36},
    doi = {10.2307/1884757},
    issn = {00335533}
}

@article{Allen-Zhu2018LearningLayers,
    title = {{Learning and generalization in overparameterized neural networks, going beyond two layers}},
    year = {2018},
    journal = {arXiv:1811.04918},
    author = {Allen-Zhu, Zeyuan and Li, Yuanzhi and Liang, Yingyu}
}

@article{Vidales2020LearningNetworks,
    title = {{Learning Solutions to Path Dependent PDEs with Signatures and LSTM networks}},
    year = {2020},
    journal = {arXiv:2011.10630 },
    author = {Vidales, Marc Sabate and {\v{S}}i{\v{s}}ka, David and Szpruch, Lukasz}
}

@article{Liao2019LearningFeatures,
    title = {{Learning stochastic differential equations using RNN with log signature features}},
    year = {2019},
    journal = {arXiv:1908.08286},
    author = {Liao, Shujian and Lyons, Terry and Yang, Weixin and Ni, Hao}
}

@book{Ladyzenskaja1968LinearType,
    title = {{Linear and quasi-linear equations of parabolic type}},
    year = {1968},
    author = {Ladyzenskaja, O A and Solonnikov, V A and Ural'ceva, N N},
    series = {Translations of Mathematical Monographs},
    publisher = {AMS}
}

@article{Ghorbani2019LinearizedDimension,
    title = {{Linearized two-layers neural networks in high dimension}},
    year = {2019},
    journal = {arXiv:1904.12191},
    author = {Ghorbani, Behrooz and Mei, Song and Misiakiewicz, Theodor and Montanari, Andrea}
}

@article{Guo2017LocalTransport,
    title = {{Local Volatility Calibration by Optimal Transport}},
    year = {2017},
    journal = {2017 MATRIX Annals, Vol. 2, 2019, 51-64},
    author = {Guo, Ivan and Loeper, Grégoire and Wang, Shiyi},
    month = {9},
    doi = {10.1007/978-3-030-04161-8},
    arxivId = {1709.08075},
    keywords = {q-fin.MF}
}

@article{Hochreiter1997LongMemory,
    title = {{Long Short-Term Memory}},
    year = {1997},
    journal = {Neural Computation},
    author = {Hochreiter, Sepp and Schmidhuber, Jürgen},
    number = {8},
    month = {11},
    pages = {1735--1780},
    volume = {9},
    publisher = {MIT Press - Journals},
    doi = {10.1162/neco.1997.9.8.1735}
}

@article{Beck2017MachineEquations,
    title = {{Machine learning approximation algorithms for high-dimensional fully nonlinear partial differential equations and second-order backward stochastic differential equations}},
    year = {2017},
    journal = {arXiv:1709.05963},
    author = {Beck, Christian and E, Weinan and Jentzen, Arnulf},
    pages = {56 pages}
}

@article{Silver2016MasteringSearch,
    title = {{Mastering the game of Go with deep neural networks and tree search}},
    year = {2016},
    journal = {nature},
    author = {Silver, David and Huang, Aja and Maddison, Chris J and Guez, Arthur and Sifre, Laurent and Van Den Driessche, George and Schrittwieser, Julian and Antonoglou, Ioannis and Panneershelvam, Veda and Lanctot, Marc and {others}},
    number = {7587},
    pages = {484},
    volume = {529},
    publisher = {Nature Publishing Group}
}

@book{Pontryagin2018MathematicalProcesses,
    title = {{Mathematical theory of optimal processes}},
    year = {2018},
    author = {Pontryagin, Lev Semenovich},
    publisher = {Routledge}
}

@article{Arbel2019MaximumFlow,
    title = {{Maximum Mean Discrepancy Gradient Flow}},
    year = {2019},
    journal = {arXiv:1906.04370},
    author = {Arbel, Michael and Korba, Anna and Salim, Adil and Gretton, Arthur}
}

@article{Hammersley2018McKeanVlasovConditions,
    title = {{McKean–Vlasov SDEs under Measure Dependent Lyapunov Conditions}},
    year = {2018},
    journal = {arXiv:1802.03974},
    author = {Hammersley, William and {\v{S}}i{\v{s}}ka, David and Szpruch, Lukas}
}

@article{Sirignano2018MeanNetworks,
    title = {{Mean field analysis of neural networks}},
    year = {2018},
    journal = {arXiv:1805.01053},
    author = {Sirignano, Justin and Spiliopoulos, Konstantinos}
}

@article{Lacker2015MeanEquilibria,
    title = {{Mean Field Games Via Controlled Martingale Problems: Existence of Markovian Equilibria}},
    year = {2015},
    journal = {Stochastic Processes and their Applications},
    author = {Lacker, Daniel}
}

@article{Casgrain2018Mean-fieldTrading,
    title = {{Mean-field games with differing beliefs for algorithmic trading}},
    year = {2018},
    journal = {arXiv:1810.06101},
    author = {Casgrain, Philippe and Jaimungal, Sebastian}
}

@article{Hu2019Mean-FieldNetworks,
    title = {{Mean-Field Langevin Dynamics and Energy Landscape of Neural Networks}},
    year = {2019},
    journal = {arXiv:1905.07769},
    author = {Hu, Kaitong and Ren, Zhenjie and {\v{S}}i{\v{s}}ka, David and Szpruch, Lukasz}
}

@article{Jabir2019Mean-FieldControl,
    title = {{Mean-Field Neural ODEs via Relaxed Optimal Control}},
    year = {2019},
    journal = {arXiv:1912.05475},
    author = {Jabir, Jean-François and {\v{S}}i{\v{s}}ka, David and Szpruch, Łukasz}
}

@article{Mei2019Mean-fieldLimit,
    title = {{Mean-field theory of two-layers neural networks: dimension-free bounds and kernel limit}},
    year = {2019},
    journal = {arXiv:1902.06015},
    author = {Mei, Song and Misiakiewicz, Theodor and Montanari, Andrea}
}

@article{Gyongy1986MimickingDifferential,
    title = {{Mimicking the one-dimensional marginal distributions of processes having an It{\^{o}} differential}},
    year = {1986},
    journal = {Probability theory and related fields},
    author = {Gy{\"{o}}ngy, István},
    number = {4},
    pages = {501--516},
    volume = {71},
    publisher = {Springer}
}

@article{Li2017MMDNetwork,
    title = {{MMD GAN: Towards Deeper Understanding of Moment Matching Network}},
    year = {2017},
    journal = {arXiv:1705.08584},
    author = {Li, Chun-Liang and Chang, Wei-Cheng and Cheng, Yu and Yang, Yiming and P{\'{o}}czos, Barnabás},
    month = {5},
    arxivId = {1705.08584}
}

@article{Hernandez2016ModelNetworks,
    title = {{Model Calibration with Neural Networks}},
    year = {2016},
    journal = {Risk},
    author = {Hernandez, Andres},
    doi = {10.2139/ssrn.2812140},
    issn = {1556-5068}
}

@article{Beiglbock2013Model-independentApproach,
    title = {{Model-independent bounds for option prices—a mass transport approach}},
    year = {2013},
    journal = {Finance and Stochastics},
    author = {Beiglb{\"{o}}ck, Mathias and Henry-Labord{\`{e}}re, Pierre and Penkner, Friedrich},
    number = {3},
    month = {7},
    pages = {477--501},
    volume = {17},
    doi = {10.1007/s00780-013-0205-8},
    issn = {0949-2984}
}

@book{Glasserman2013MonteEngineering,
    title = {{Monte Carlo methods in financial engineering}},
    year = {2013},
    author = {Glasserman, Paul},
    volume = {53},
    publisher = {Springer Science {\&} Business Media}
}

@article{Majka2020Multi-indexAlgorithm,
    title = {{Multi-index Antithetic Stochastic Gradient Algorithm}},
    year = {2020},
    journal = {arXiv:2006.06102},
    author = {Majka, Mateusz B and Sabate-Vidales, Marc and Szpruch, Łukasz}
}

@article{Giles2019Multi-levelEquations,
    title = {{Multi-level Monte Carlo methods for the approximation of invariant measures of stochastic differential equations}},
    year = {2019},
    journal = {Statistics and Computing},
    author = {Giles, Michael B and Majka, Mateusz B and Szpruch, Lukasz and Vollmer, Sebastian J and Zygalakis, Konstantinos C},
    pages = {1--18},
    publisher = {Springer}
}

@article{Hornik1989MultilayerApproximators,
    title = {{Multilayer feedforward networks are universal approximators}},
    year = {1989},
    journal = {Neural networks},
    author = {Hornik, Kurt and Stinchcombe, Maxwell and White, Halbert},
    number = {5},
    pages = {359--366},
    volume = {2},
    publisher = {Elsevier}
}

@article{Hestenes1969MultiplierMethods,
    title = {{Multiplier and gradient methods}},
    year = {1969},
    journal = {Journal of optimization theory and applications},
    author = {Hestenes, Magnus R},
    number = {5},
    pages = {303--320},
    volume = {4},
    publisher = {Springer}
}

@article{Rotskoff2018NeuralError,
    title = {{Neural networks as interacting particle systems: Asymptotic convexity of the loss landscape and universal scaling of the approximation error}},
    year = {2018},
    journal = {arXiv:1805.00915},
    author = {Rotskoff, Grant M and Vanden-Eijnden, Eric}
}

@article{Ruf2019NeuralReview,
    title = {{Neural networks for option pricing and hedging: a literature review}},
    year = {2019},
    journal = {Available at SSRN 3486363},
    author = {Ruf, Johannes and Wang, Weiguan}
}

@inproceedings{Chen2018NeuralEquations,
    title = {{Neural ordinary differential equations}},
    year = {2018},
    booktitle = {Advances in neural information processing systems},
    author = {Chen, Tian Qi and Rubanova, Yulia and Bettencourt, Jesse and Duvenaud, David K},
    pages = {6571--6583}
}

@article{Tzen2019NeuralLimit,
    title = {{Neural Stochastic Differential Equations: Deep Latent Gaussian Models in the Diffusion Limit}},
    year = {2019},
    journal = {arXiv:1905.09883},
    author = {Tzen, Belinda and Raginsky, Maxim}
}

@article{AlRachid2019NewSDEs,
    title = {{New particle representations for ergodic McKean-Vlasov SDEs}},
    year = {2019},
    journal = {ESAIM: Proceedings and Surveys},
    author = {AlRachid, Houssam and Bossy, Mireille and Ricci, Cristiano and Szpruch, Lukasz},
    pages = {68--83},
    volume = {65},
    publisher = {EDP Sciences}
}

@article{Allinger1981NewFiltering,
    title = {{New Results on the Innovations Problem for Non-Linear Filtering}},
    year = {1981},
    journal = {Stochastics, 4:4, 339-348},
    author = {Allinger, Deborah F and Mitter, Sanjoy K}
}

@article{Majka2018Non-asymptoticLog-concavity,
    title = {{Non-asymptotic bounds for sampling algorithms without log-concavity}},
    year = {2018},
    journal = {arXiv:1808.07105},
    author = {Majka, Mateusz B and Mijatovi{\'{c}}, Aleksandar and Szpruch, Lukasz}
}

@article{Schmidt-Hieber2017NonparametricFunction,
    title = {{Nonparametric regression using deep neural networks with ReLU activation function}},
    year = {2017},
    journal = {arXiv:1708.06633},
    author = {Schmidt-Hieber, Johannes}
}

@article{Hutzenthaler2015NumericalCoefficients,
    title = {{Numerical approximations of stochastic differential equations with non-globally Lipschitz continuous coefficients}},
    year = {2015},
    journal = {Memoirs of the American Mathematical Society},
    author = {Hutzenthaler, Martin and Jentzen, Arnulf},
    volume = {236},
    keywords = {60H35, math.NA, math.PR}
}

@article{Bayer2019OnModels,
    title = {{On deep calibration of (rough) stochastic volatility models}},
    year = {2019},
    journal = {arXiv:1908.08806},
    author = {Bayer, Christian and Horvath, Blanka and Muguruza, Aitor and Stemper, Benjamin and Tomas, Mehdi},
    keywords = {60G15, 60G22, 91B25, 91G20, 91G60, q-fin.MF}
}

@incollection{Krylov1999OnDiffusions,
    title = {{On Kolmogorov's equations for finite dimensional diffusions}},
    year = {1999},
    booktitle = {Stochastic PDE's and Kolmogorov Equations in Infinite Dimensions},
    author = {Krylov, Nicolai V},
    pages = {1--63},
    publisher = {Springer}
}

@article{Villarroel2003OnEquations,
    title = {{On solutions to Ito stochastic differential equations}},
    year = {2003},
    journal = {Journal of computational and applied mathematics},
    author = {Villarroel, Javier},
    number = {1},
    pages = {225--231},
    volume = {158},
    publisher = {Elsevier}
}

@article{Becker1969OnControls,
    title = {{On the Existence of Optimal Random Controls}},
    year = {1969},
    journal = {Journal of Mathematics and Mechanics},
    author = {Becker, H and Mandrekar, V}
}

@article{Fleming1968OnControls,
    title = {{On the existence of optimal stochastic controls}},
    year = {1968},
    journal = {Matematika},
    author = {Fleming, W H and Nisio, M}
}

@inproceedings{Chizat2018OnTransport,
    title = {{On the global convergence of gradient descent for over-parameterized models using optimal transport}},
    year = {2018},
    booktitle = {Advances in neural information processing systems},
    author = {Chizat, Lenaic and Bach, Francis},
    pages = {3040--3050}
}

@article{Arnold2009OnVariables,
    title = {{On the representation of functions of several variables as a superposition of functions of a smaller number of variables}},
    year = {2009},
    journal = {Collected Works: Representations of Functions, Celestial Mechanics and KAM Theory, 1957–1965},
    author = {Arnold, Vladimir I},
    pages = {25--46},
    publisher = {Springer}
}

@article{DelMoral2017OnFilters,
    title = {{On the Stability and the Uniform Propagation of Chaos of a Class of Extended Ensemble Kalman–Bucy Filters}},
    year = {2017},
    journal = {SIAM Journal on Control and Optimization},
    author = {Del Moral, Pierre and Kurtzmann, Aline and Tugaut, Julian},
    number = {1},
    pages = {119--155},
    volume = {55},
    publisher = {SIAM}
}

@article{Chatterji2018OnCarlo,
    title = {{On the theory of variance reduction for stochastic gradient Monte Carlo}},
    year = {2018},
    journal = {arXiv:1802.05431},
    author = {Chatterji, Niladri S and Flammarion, Nicolas and Ma, Yi-An and Bartlett, Peter L and Jordan, Michael I}
}

@article{Toshio1971OnEquations,
    title = {{On the uniqueness of solutions of stochastic differential equations}},
    year = {1971},
    journal = {J. Math. Kyoto Univ.},
    author = {Toshio, Yamada and Shinzo, Watanabe},
    number = {1},
    pages = {155--167},
    volume = {11},
    publisher = {Duke University Press},
    url = {https://doi.org/10.1215/kjm/1250523691},
    doi = {10.1215/kjm/1250523691}
}

@article{Tan2013OptimalDynamics,
    title = {{Optimal transportation under controlled stochastic dynamics}},
    year = {2013},
    journal = {Ann. Probab.},
    author = {Tan, Xiaolu and Touzi, Nizar},
    number = {5},
    month = {3},
    pages = {3201--3240},
    volume = {41},
    publisher = {The Institute of Mathematical Statistics},
    url = {https://doi.org/10.1214/12-AOP797},
    doi = {10.1214/12-AOP797}
}

@article{Guo2018PathDerivatives,
    title = {{Path Dependent Optimal Transport and Model Calibration on Exotic Derivatives}},
    year = {2018},
    journal = {arXiv:1812.03526},
    author = {Guo, Ivan and Loeper, Gregoire},
    month = {12},
    arxivId = {1812.03526},
    keywords = {math.OC, math.PR, q-fin.MF}
}

@article{Karatzas2019PathwiseCalculus,
    title = {{Pathwise Otto Calculus}},
    year = {2019},
    journal = {arXiv:1811.08686},
    author = {Karatzas, Ioannis and Schachermayer, Walter and Tschiderer, Bertram}
}

@phdthesis{Sardroudi2019PolynomialCalibration,
    title = {{Polynomial semimartingales and a deep learning approach to local stochastic volatility calibration}},
    year = {2019},
    author = {Sardroudi, Wahid Khosrawi-},
    publisher = {Albert-Ludwigs-Universit{\"{a}}t Freiburg},
    doi = {10.6094/UNIFR/150904},
    keywords = {500},
    language = {eng}
}

@article{Dupire1994PricingSmile,
    title = {{Pricing with a smile}},
    year = {1994},
    journal = {Risk},
    author = {Dupire, Bruno and {others}},
    number = {1},
    pages = {18--20},
    volume = {7}
}

@article{BrunoDupire1994PricingSmile,
    title = {{Pricing with a Smile}},
    year = {1994},
    journal = {Risk},
    author = {{Bruno Dupire}},
    pages = {18--20},
    volume = {7}
}

@book{Carmona2018ProbabilisticII,
    title = {{Probabilistic Theory of Mean Field Games with Applications II}},
    year = {2018},
    author = {Carmona, R and Delarue, F},
    volume = {83-84},
    publisher = {Springer International Publishing}
}

@book{Meyer1966ProbabilityPotentials,
    title = {{Probability and Potentials}},
    year = {1966},
    author = {Meyer, Paul A},
    publisher = {Blaisdell Publishing Company}
}

@inproceedings{Paszke2019PyTorch:Library,
    title = {{PyTorch: An imperative style, high-performance deep learning library}},
    year = {2019},
    booktitle = {Advances in Neural Information Processing Systems},
    author = {Paszke, Adam and Gross, Sam and Massa, Francisco and Lerer, Adam and Bradbury, James and Chanan, Gregory and Killeen, Trevor and Lin, Zeming and Gimelshein, Natalia and Antiga, Luca and {others}},
    pages = {8024--8035}
}

@article{Eberle2018QuantitativeProcesses,
    title = {{Quantitative Harris-type theorems for diffusions and Mckean–Vlasov processes}},
    year = {2018},
    journal = {Transactions of the American Mathematical Society},
    author = {Eberle, Andreas and Guillin, Arnaud and Zimmer, Raphael}
}

@book{Flandoli2011RandomXL2010,
    title = {{Random Perturbation of PDEs and Fluid Dynamic Models: {\'{E}}cole d'{\'{e}}t{\'{e}} de Probabilit{\'{e}}s de Saint-Flour XL–2010}},
    year = {2011},
    author = {Flandoli, Franco},
    volume = {2015},
    publisher = {Springer Science {\&} Business Media}
}

@article{Bossy2002RateInterval,
    title = {{Rate of convergeance of a particle method for the solution of a 1d viscous scalar conservation law in a bounded interval}},
    year = {2002},
    journal = {The Annals of Probability},
    author = {Bossy, Mireille and Jourdain, Benjamin and {others}},
    number = {4},
    pages = {1797--1832},
    volume = {30},
    publisher = {Institute of Mathematical Statistics}
}

@article{Gu2018RecentNetworks,
    title = {{Recent advances in convolutional neural networks}},
    year = {2018},
    journal = {Pattern Recognition},
    author = {Gu, Jiuxiang and Wang, Zhenhua and Kuen, Jason and Ma, Lianyang and Shahroudy, Amir and Shuai, Bing and Liu, Ting and Wang, Xingxing and Wang, Gang and Cai, Jianfei and Chen, Tsuhan},
    month = {5},
    pages = {354--377},
    volume = {77},
    doi = {10.1016/j.patcog.2017.10.013},
    issn = {00313203}
}

@article{Belkin2019ReconcilingTrade-off,
    title = {{Reconciling modern machine learning and the bias-variance trade-off}},
    year = {2019},
    journal = {PNAS},
    author = {Belkin, Mikhail and Hsu, Daniel and Ma, Siyuan and Mandal, Soumik},
    volume = {116 (32)}
}

@article{Delarue2018RestoringEquilibria,
    title = {{Restoring uniqueness to mean-field games by randomizing the equilibria}},
    year = {2018},
    journal = {Stochastics and Partial Differential Equations: Analysis and Computations},
    author = {Delarue, Francois},
    pages = {1--81},
    publisher = {Springer}
}

@article{Derman1994RidingSmile,
    title = {{Riding on a Smile}},
    year = {1994},
    journal = {Risk},
    author = {Derman, Emanuel and Kani, Iraj},
    number = {1},
    pages = {32--39},
    volume = {7}
}

@article{Cox2011RobustOptions,
    title = {{Robust hedging of double touch barrier options}},
    year = {2011},
    journal = {SIAM Journal on Financial Mathematics},
    author = {Cox, Alexander M G and Obloj, Jan},
    number = {1},
    pages = {141--182},
    volume = {2},
    publisher = {SIAM}
}

@article{Hobson1998RobustOption,
    title = {{Robust hedging of the lookback option}},
    year = {1998},
    journal = {Finance and Stochastics},
    author = {Hobson, David G},
    number = {4},
    pages = {329--347},
    volume = {2},
    publisher = {Springer}
}

@article{Eckstein2019RobustNumerics,
    title = {{Robust pricing and hedging of options on multiple assets and its numerics}},
    year = {2019},
    journal = {arXiv:1909.03870},
    author = {Eckstein, Stephan and Guo, Gaoyue and Lim, Tongseok and Obloj, Jan}
}

@article{Gierjatowicz2023RobustEquations,
    title = {{Robust pricing and hedging via neural stochastic differential equations}},
    year = {2023},
    journal = {Journal of Computational Finance},
    author = {Gierjatowicz, Patrick and Sabate-Vidales, Marc and {\v{S}}i{\v{s}}ka, David and Szpruch, Łukasz and {\v{Z}}uri{\v{c}}, Žan},
    doi = {10.21314/JCF.2022.025},
    issn = {14601559}
}

@article{Nadtochiy2017RobustSkew,
    title = {{Robust Trading of Implied Skew}},
    year = {2017},
    journal = {International Journal of Theoretical and Applied Finance},
    author = {Nadtochiy, Sergey and Ob{\l}{\'{o}}j, Jan},
    number = {02},
    month = {3},
    pages = {1750008},
    volume = {20},
    doi = {10.1142/S021902491750008X},
    issn = {0219-0249}
}

@article{Acciaio2020ShortFutures,
    title = {{Short Communication: Inversion of Convex Ordering: Local Volatility Does Not Maximize the Price of VIX Futures}},
    year = {2020},
    journal = {SIAM Journal on Financial Mathematics},
    author = {Acciaio, Beatrice and Guyon, Julien},
    number = {1},
    month = {1},
    pages = {SC1-SC13},
    volume = {11},
    doi = {10.1137/19M129303X},
    issn = {1945-497X}
}

@article{Han2018SolvingLearning,
    title = {{Solving high-dimensional partial differential equations using deep learning}},
    year = {2018},
    journal = {Proceedings of the National Academy of Sciences},
    author = {Han, Jiequn and Jentzen, Arnulf and E, Weinan},
    publisher = {National Academy of Sciences},
    url = {http://www.pnas.org/content/early/2018/08/03/1718942115},
    doi = {10.1073/pnas.1718942115},
    issn = {0027-8424}
}

@article{Beck2018SolvingLearning,
    title = {{Solving stochastic differential equations and Kolmogorov equations by means of deep learning}},
    year = {2018},
    journal = {arXiv:1806.00421},
    author = {Beck, Christian and Becker, Sebastian and Jaafari, Philipp Grohs Nor and Jentzen, Arnulf}
}

@article{Schilder1966SomeIntegrals,
    title = {{Some asymptotic formulas for Wiener integrals}},
    year = {1966},
    author = {Schilder, M},
    pages = {63},
    volume = {125},
    doi = {10.1090/s0002-9947-1966-0201892-6},
    issn = {0002-9947}
}

@inproceedings{Kolmogorov1956SomeVariables,
    title = {{Some fundamental problems in the approximate and exact representation of functions of one or several variables}},
    year = {1956},
    booktitle = {Proc III Math Congress USSR},
    author = {Kolmogorov, A N},
    pages = {28--29},
    volume = {2}
}

@article{Briol2019StatisticalDiscrepancy,
    title = {{Statistical Inference for Generative Models with Maximum Mean Discrepancy}},
    year = {2019},
    journal = {arXiv:1906.05944},
    author = {Briol, Francois-Xavier and Barp, Alessandro and Duncan, Andrew B and Girolami, Mark}
}

@book{Liptser2001StatisticsProcesses,
    title = {{Statistics of Random Processes}},
    year = {2001},
    author = {Liptser, Robert S and Shiryaev, Albert N},
    publisher = {Springer-Verlag Berlin Heidelberg}
}

@book{Cohen2015StochasticApplications,
    title = {{Stochastic calculus and applications}},
    year = {2015},
    author = {Cohen, Samuel N and Elliott, Robert James},
    volume = {2},
    publisher = {Springer}
}

@book{SamuelN.Cohen2015StochasticApplications,
    title = {{Stochastic Calculus and Applications}},
    year = {2015},
    author = {Samuel N. Cohen, Robert J Elliott},
    publisher = {Springer New York},
    isbn = {149392866X}
}

@book{Bensoussan1992StochasticSystems,
    title = {{Stochastic Control of Partially Observable Systems}},
    year = {1992},
    author = {Bensoussan, A},
    publisher = {Cambridge University Press}
}

@book{JiongminYong1999StochasticControls,
    title = {{Stochastic Controls}},
    year = {1999},
    author = {Jiongmin Yong, Xunyu Zhou},
    volume = {43},
    publisher = {Springer-Verlag New York}
}

@book{Kunita1997StochasticEquations,
    title = {{Stochastic flows and stochastic differential equations}},
    year = {1997},
    author = {Kunita, Hiroshi},
    volume = {24},
    publisher = {Cambridge university press}
}

@article{Hutzenthaler2011StrongCoefficients,
    title = {{Strong and weak divergence in finite time of Euler's method for stochastic differential equations with non-globally Lipschitz continuous coefficients}},
    year = {2011},
    journal = {Proceedings of the Royal Society A: Mathematical, Physical and Engineering Sciences},
    author = {Hutzenthaler, Martin and Jentzen, Arnulf and Kloeden, Peter E},
    number = {2130},
    pages = {1563--1576},
    volume = {467},
    publisher = {The Royal Society Publishing}
}

@article{Hutzenthaler2012StrongCoefficients,
    title = {{Strong convergence of an explicit numerical method for SDEs with nonglobally Lipschitz continuous coefficients}},
    year = {2012},
    journal = {The Annals of Applied Probability},
    author = {Hutzenthaler, Martin and Jentzen, Arnulf and Kloeden, Peter E and {others}},
    number = {4},
    pages = {1611--1641},
    volume = {22},
    publisher = {Institute of Mathematical Statistics}
}

@book{Skorokhod1965StudiesProcesses,
    title = {{Studies in the theory of random processes}},
    year = {1965},
    author = {Skorokhod, A V},
    publisher = {Addison–Wesley, Reading, Mass.}
}

@article{Hastie2019SurprisesInterpolation,
    title = {{Surprises in high-dimensional ridgeless least squares interpolation}},
    year = {2019},
    journal = {arXiv:1903.08560},
    author = {Hastie, Trevor and Montanari, Andrea and Rosset, Saharon and Tibshirani, Ryan J}
}

@article{Biais2019TheTheorem,
    title = {{The blockchain folk theorem}},
    year = {2019},
    journal = {The Review of Financial Studies},
    author = {Biais, Bruno and Bisiere, Christophe and Bouvard, Matthieu and Casamatta, Catherine},
    number = {5},
    pages = {1662--1715},
    volume = {32},
    publisher = {Oxford University Press}
}

@article{Pelsser2016TheModeling,
    title = {{The difference between LSMC and replicating portfolio in insurance liability modeling}},
    year = {2016},
    journal = {European Actuarial Journal},
    author = {Pelsser, Antoon and Schweizer, Janina},
    number = {2},
    month = {12},
    pages = {441--494},
    volume = {6},
    doi = {10.1007/s13385-016-0133-z},
    issn = {2190-9733}
}

@article{Albrecher2007TheTrap,
    title = {{The Little Heston Trap}},
    year = {2007},
    journal = {Wilmott},
    author = {Albrecher, Hansjoerg and Mayer, Philipp and Schoutens, Wim and Tistaert, Jurgen},
    month = {3},
    pages = {83--92}
}

@article{Choromanska2015TheNetworks,
    title = {{The Loss Surfaces of Multilayer Networks}},
    year = {2015},
    journal = {Proceedings of the Eighteenth International Conference on Artificial Intelligence and Statistics, PMLR},
    author = {Choromanska, Anna and Henaff, Mikael and Mathieu, Michael and Arous, Gérard Ben and LeCun, Yann},
    pages = {192--204},
    volume = {38},
    keywords = {cs.LG}
}

@book{Nualart2006TheTopics,
    title = {{The Malliavin Calculus and Related Topics}},
    year = {2006},
    author = {Nualart, David},
    publisher = {Springer-Verlag Berlin Heidelberg}
}

@article{Cardaliaguet2015TheGames,
    title = {{The master equation and the convergence problem in mean field games}},
    year = {2015},
    journal = {arXiv:1509.02505},
    author = {Cardaliaguet, Pierre and Delarue, François and Lasry, Jean-Michel and Lions, Pierre-Louis}
}

@book{Vapnik2013TheTheory,
    title = {{The nature of statistical learning theory}},
    year = {2013},
    author = {Vapnik, Vladimir},
    publisher = {Springer science {\&} business media}
}

@article{Kolmogorov1956TheVariables,
    title = {{The representation of continuous functions of several variables by superpositions of continuous functions of a smaller number of variables}},
    year = {1956},
    journal = {Doklady Akademii Nauk SSSR},
    author = {Kolmogorov, Andre\u\i Nikolaevich},
    number = {2},
    pages = {179--182},
    volume = {108}
}

@article{Guyon2011TheSolved,
    title = {{The smile calibration problem solved}},
    year = {2011},
    journal = {Available at SSRN 1885032},
    author = {Guyon, Julien and Henry-Labordere, Pierre}
}

@article{Jordan1998TheEquation,
    title = {{The variational formulation of the Fokker-Planck equation}},
    year = {1998},
    journal = {SIAM J. Math. Anal.},
    author = {Jordan, R and Kinderlehrer, D and Otto, F},
    number = {1},
    month = {1},
    pages = {1--17},
    volume = {29}
}

@article{Lipton2002TheProblem,
    title = {{The vol smile problem}},
    year = {2002},
    journal = {Risk},
    author = {Lipton, Alexander},
    month = {2},
    pages = {61--65}
}

@article{Zhang2017TheII,
    title = {{The Wellposedness of FBSDEs (II)}},
    year = {2017},
    journal = {arXiv:1708.05785},
    author = {Zhang, Jianfeng}
}

@article{Zheng1985TightnessMechanics,
    title = {{Tightness results for laws of diffusion processes application to stochastic mechanics}},
    year = {1985},
    journal = {Annales de l'IHP},
    author = {Zheng, W A}
}

@article{Lionnet2015TimePDEs,
    title = {{Time discretization of FBSDE with polynomial growth drivers and reaction–diffusion PDEs}},
    year = {2015},
    journal = {The Annals of Applied Probability},
    author = {Lionnet, Arnaud and Dos Reis, Gonçalo and Szpruch, Lukasz and {others}},
    number = {5},
    pages = {2563--2625},
    volume = {25},
    publisher = {Institute of Mathematical Statistics}
}

@article{Follmer1986TimeSpace,
    title = {{Time reversal on Wiener space}},
    year = {1986},
    journal = {Stochastic Processes — Mathematics and Physics},
    author = {F{\"{o}}llmer, H},
    editor = {Albeverio, Sergio A and Blanchard, Philippe and Streit, Ludwig},
    pages = {119--129},
    publisher = {Springer Berlin Heidelberg},
    address = {Berlin, Heidelberg},
    isbn = {978-3-540-39703-8}
}

@book{Sznitman1991TopicsChaos,
    title = {{Topics in propagation of chaos}},
    year = {1991},
    booktitle = {Ecole d'Et{\'{e}} de Probabilit{\'{e}}s de Saint-Flour XIX—1989},
    author = {Sznitman, Alain-Sol},
    pages = {165--251},
    publisher = {Springer}
}

@article{Roa-Vicens2019TowardsDynamics,
    title = {{Towards Inverse Reinforcement Learning for Limit Order Book Dynamics}},
    year = {2019},
    journal = {arXiv:1906.04813},
    author = {Roa-Vicens, Jacobo and Chtourou, Cyrine and Filos, Angelos and Rullan, Francisco and Gal, Yarin and Silva, Ricardo}
}

@article{Hardt2015TrainDescent,
    title = {{Train faster, generalize better: Stability of stochastic gradient descent}},
    year = {2015},
    journal = {arXiv:1509.01240},
    author = {Hardt, Moritz and Recht, Benjamin and Singer, Yoram}
}

@article{Vidales2018UnbiasedPDEs,
    title = {{Unbiased deep solvers for parametric PDEs}},
    year = {2018},
    journal = {arXiv:1810.05094},
    author = {Vidales, Marc Sabate and {\v{S}}i{\v{s}}ka, David and Szpruch, Lukasz},
    arxivId = {1810.05094}
}

@article{Mallat2016UnderstandingNetworks,
    title = {{Understanding deep convolutional networks}},
    year = {2016},
    journal = {Philosophical Transactions of the Royal Society A: Mathematical, Physical and Engineering Sciences},
    author = {Mallat, Stéphane},
    number = {2065},
    pages = {20150203},
    volume = {374},
    publisher = {The Royal Society Publishing}
}

@article{Barron1993UniversalFunction,
    title = {{Universal approximation bounds for superpositions of a sigmoidal function}},
    year = {1993},
    journal = {IEEE Transactions on Information theory},
    author = {Barron, Andrew R},
    number = {3},
    pages = {930--945},
    volume = {39},
    publisher = {IEEE}
}

@article{Lipton2002UniversalBarriers,
    title = {{Universal Barriers}},
    year = {2002},
    journal = {Risk},
    author = {Lipton, Alexander and McGhee, William}
}

@article{Radford2015UnsupervisedNetworks,
    title = {{Unsupervised Representation Learning with Deep Convolutional Generative Adversarial Networks}},
    year = {2015},
    journal = {arXiv:1511.06434},
    author = {Radford, Alec and Metz, Luke and Chintala, Soumith},
    month = {11},
    arxivId = {1511.06434}
}

@article{Szpruch2018V-integrabilitySDEs,
    title = {{V-integrability, asymptotic stability and comparison property of explicit numerical schemes for non-linear SDEs}},
    year = {2018},
    journal = {Math. Comp.},
    author = {Szpruch, Łukasz and Zh{\={a}}ng, Xiling},
    number = {310},
    pages = {755--783},
    volume = {87},
    url = {https://doi.org/10.1090/mcom/3219},
    issn = {0025-5718}
}

@article{Gatheral2018VolatilityRough,
    title = {{Volatility is rough}},
    year = {2018},
    journal = {Quantitative Finance},
    author = {Gatheral, Jim and Jaisson, Thibault and Rosenbaum, Mathieu},
    number = {6},
    pages = {933--949},
    volume = {18},
    publisher = {Taylor {\&} Francis}
}

@article{Arjovsky2017WassersteinGAN,
    title = {{Wasserstein GAN}},
    year = {2017},
    journal = {arXiv:1701.07875},
    author = {Arjovsky, Martin and Chintala, Soumith and Bottou, Léon},
    month = {1},
    arxivId = {1701.07875}
}

@article{Kurtz2014WeakModels,
    title = {{Weak and strong solutions of general stochastic models}},
    year = {2014},
    journal = {Electronic Communications in Probability},
    author = {Kurtz, Thomas and {others}},
    volume = {19},
    publisher = {The Institute of Mathematical Statistics and the Bernoulli Society}
}

@article{Hammersley2019WeakNoise,
    title = {{Weak Existence and Uniqueness for McKean-Vlasov SDEs with Common Noise}},
    year = {2019},
    journal = {arXiv:1908.00955},
    author = {Hammersley, William R P and {\v{S}}i{\v{s}}ka, David and Szpruch, Łukasz}
}

@article{Chassagneux2019WeakMeasures,
    title = {{Weak quantitative propagation of chaos via differential calculus on the space of measures}},
    year = {2019},
    journal = {arXiv:1901.02556},
    author = {Chassagneux, Jean-François and Szpruch, Lukasz and Tse, Alvin}
}

@inproceedings{Zhang2019WhyAdaptivity,
    title = {{Why Gradient Clipping Accelerates Training: A Theoretical Justification for Adaptivity}},
    year = {2019},
    booktitle = {International Conference on Learning Representations},
    author = {Zhang, Jingzhao and He, Tianxing and Sra, Suvrit and Jadbabaie, Ali}
}