@Misc{RajamanickamZoltanTutorial,
    author = {Siva Rajamanickam and Erik Boman and Karen Devine and Vitus Leung and Lee Ann Riesen and Umit \c{C}ataly\"{u}rek and Doruk Bozdag and Cedric Chevalier and Michael Wolf},
    title = {Tutorial: The Zoltan Toolkit},
    month = {August},
    year = {2011},
    url = {http://acts.nersc.gov/events/Workshop2011/Talks/Zoltan.pdf}
}

@Misc{NeckelsESMF,
    author = {David Neckels},
    title = {Regridding ESMF: A Parallel Rendezvous Interpolation Algorithm},
    url = {http://www.earthsystemmodeling.org/presentations/dneckels_interp.pdf}
}

@inproceedings{Guttman1984RTree,
 author = {Guttman, Antonin},
 title = {R-trees: A Dynamic Index Structure for Spatial Searching},
 booktitle = {Proceedings of the 1984 ACM SIGMOD International Conference on Management of Data},
 series = {SIGMOD 1984},
 year = {1984},
 isbn = {0-89791-128-8},
 location = {Boston, Massachusetts},
 pages = {47--57},
 numpages = {11},
 url = {http://doi.acm.org/10.1145/602259.602266},
 doi = {10.1145/602259.602266},
 acmid = {602266},
 publisher = {ACM},
 address = {New York, NY, USA},
}

@Article{Hendrickson_tinkertoyparallel,
    author = {Bruce Hendrickson and Steve Plimpton},
    title = {Tinkertoy Parallel Programming: Complicated Applications from Simple Tools},
    year = {2001},
    journal = {Proceedings of 10th SIAM Parallel Processing for Scientific Computing Conference, SIAM, Philadelphia, PA},
}

