@article{Mura2009,
    title = {{A class of self-similar stochastic processes with stationary increments to model anomalous diffusion in physics}},
    year = {2009},
    journal = {Integral Transforms and Special Functions},
    author = {Mura, Antonio and Mainardi, Francesco},
    number = {3-4},
    month = {4},
    pages = {185--198},
    volume = {20},
    doi = {10.1080/10652460802567517},
    issn = {1065-2469}
}

@article{prabhakar1971singular,
    title = {{A singular integral equation with a generalized Mittag-Leffler function in the kernel}},
    year = {1971},
    journal = {Yokohama Math. J},
    author = {Prabhakar, Tilak Raj},
    number = {1},
    pages = {7--15},
    volume = {19}
}

@article{Mura2008,
    title = {{Characterizations and simulations of a class of stochastic processes to model anomalous diffusion}},
    year = {2008},
    journal = {Journal of Physics A: Mathematical and Theoretical},
    author = {Mura, A and Pagnini, G},
    number = {28},
    month = {7},
    pages = {285003},
    volume = {41},
    doi = {10.1088/1751-8113/41/28/285003},
    issn = {1751-8113}
}

@article{Heston1993AOptions,
    title = {{A Closed-Form Solution for Options with Stochastic Volatility with Applications to Bond and Currency Options}},
    year = {1993},
    journal = {Review of Financial Studies},
    author = {Heston, Steven L},
    number = {2},
    month = {4},
    pages = {327--343},
    volume = {6},
    publisher = {Oxford University Press (OUP)},
    doi = {10.1093/rfs/6.2.327}
}

@article{Lord2009AModels,
    title = {{A comparison of biased simulation schemes for stochastic volatility models}},
    year = {2009},
    journal = {Quantitative Finance},
    author = {Lord, Roger and Koekkoek, Remmert and Van Dijk, Dick},
    number = {2},
    month = {4},
    pages = {177--194},
    volume = {10},
    publisher = {Informa UK Limited},
    doi = {10.1080/14697680802392496}
}

@article{Cont2011ADerivatives,
    title = {{A Consistent Pricing Model For Index Options And Volatility Derivatives}},
    year = {2011},
    journal = {Mathematical Finance},
    author = {Cont, Rama and Kokholm, Thomas},
    number = {2},
    month = {7},
    pages = {248--274},
    volume = {23},
    publisher = {Wiley},
    doi = {10.1111/j.1467-9965.2011.00492.x}
}

@article{Peng1990AProblems,
    title = {{A General Stochastic Maximum Principle for Optimal Control Problems}},
    year = {1990},
    journal = {SIAM Journal on Control and Optimization},
    author = {Peng, S},
    number = {4},
    pages = {966--979},
    volume = {28},
    url = {https://doi.org/10.1137/0328054},
    doi = {10.1137/0328054}
}

@article{Cuchiero2020AModels,
    title = {{A Generative Adversarial Network Approach to Calibration of Local Stochastic Volatility Models}},
    year = {2020},
    journal = {Risks},
    author = {Cuchiero, Christa and Khosrawi, Wahid and Teichmann, Josef},
    number = {4},
    month = {9},
    pages = {101},
    volume = {8},
    url = {https://www.mdpi.com/2227-9091/8/4/101},
    doi = {10.3390/risks8040101},
    issn = {2227-9091}
}

@article{Garcia2007AIntegrals,
    title = {{A Large Deviation Principle for Stochastic Integrals}},
    year = {2007},
    journal = {Journal of Theoretical Probability},
    author = {Garcia, Jorge},
    number = {2},
    month = {12},
    pages = {476--501},
    volume = {21},
    publisher = {Springer Science and Business Media LLC},
    doi = {10.1007/s10959-007-0136-4}
}

@article{McCulloch1943AActivity,
    title = {{A logical calculus of the ideas immanent in nervous activity}},
    year = {1943},
    journal = {The Bulletin of Mathematical Biophysics},
    author = {McCulloch, Warren S. and Pitts, Walter},
    number = {4},
    month = {12},
    pages = {115--133},
    volume = {5},
    doi = {10.1007/BF02478259},
    issn = {0007-4985}
}

@article{Mei2018ANetworks,
    title = {{A mean field view of the landscape of two-layer neural networks}},
    year = {2018},
    journal = {Proceedings of the National Academy of Sciences},
    author = {Mei, Song and Montanari, Andrea and Nguyen, Phan-Minh},
    number = {33},
    pages = {E7665–E7671},
    volume = {115},
    publisher = {National Acad Sciences}
}

@article{Liu2019ACalibration,
    title = {{A neural network-based framework for financial model calibration}},
    year = {2019},
    journal = {Journal of Mathematics in Industry},
    author = {Liu, Shuaiqiang and Borovykh, Anastasia and Grzelak, Lech A and Oosterlee, Cornelis W},
    number = {1},
    pages = {9},
    volume = {9},
    publisher = {Springer}
}

@article{Platen1998AModel,
    title = {{A non-linear stochastic volatility model}},
    year = {1998},
    journal = {Centre for Mathematics and Its Applications, Australian National University},
    author = {Platen, Eckhard},
    publisher = {Centre for Mathematics and Its Applications, Australian National University}
}

@article{Chizat2018AProgramming,
    title = {{A note on lazy training in supervised differentiable programming}},
    year = {2018},
    journal = {arXiv:1812.07956},
    author = {Chizat, Lenaic and Bach, Francis}
}

@article{Chassagneux2014AEquilibria,
    title = {{A probabilistic approach to classical solutions of the master equation for large population equilibria}},
    year = {2014},
    journal = {arXiv:1411.3009},
    author = {Chassagneux, Jean-François and Crisan, Dan and Delarue, François}
}

@article{Grohs2018AEquations,
    title = {{A proof that artificial neural networks overcome the curse of dimensionality in the numerical approximation of Black–Scholes partial differential equations}},
    year = {2018},
    journal = {arXiv:1809.02362},
    author = {Grohs, Philipp and Hornung, Fabian and Jentzen, Arnulf and von Wurstemberger, Philippe}
}

@article{Jentzen2018ACoefficients,
    title = {{A proof that deep artificial neural networks overcome the curse of dimensionality in the numerical approximation of Kolmogorov partial differential equations with constant diffusion and nonlinear drift coefficients}},
    year = {2018},
    journal = {arXiv:1809.07321},
    author = {Jentzen, Arnulf and Salimova, Diyora and Welti, Timo}
}

@article{Hutzenthaler2020AEquations,
    title = {{A proof that rectified deep neural networks overcome the curse of dimensionality in the numerical approximation of semilinear heat equations}},
    year = {2020},
    journal = {Partial Differential Equations and Applications},
    author = {Hutzenthaler, Martin and Jentzen, Arnulf and Kruse, Thomas and Nguyen, Tuan Anh},
    number = {2},
    month = {4},
    volume = {1},
    publisher = {Springer Science and Business Media LLC},
    doi = {10.1007/s42985-019-0006-9}
}

@article{Papanicolaou2014AVolatilities,
    title = {{A regime-switching Heston model for VIX and S{\&}P 500 implied volatilities}},
    year = {2014},
    journal = {Quantitative Finance},
    author = {Papanicolaou, Andrew and Sircar, Ronnie},
    number = {10},
    pages = {1811--1827},
    volume = {14},
    publisher = {Taylor {\&} Francis}
}

@article{Cao2018AWeights,
    title = {{A review on neural networks with random weights}},
    year = {2018},
    journal = {Neurocomputing},
    author = {Cao, Weipeng and Wang, Xizhao and Ming, Zhong and Gao, Jinzhu},
    month = {1},
    pages = {278--287},
    volume = {275},
    publisher = {Elsevier BV},
    doi = {10.1016/j.neucom.2017.08.040}
}

@incollection{Weber2009AMarkets,
    title = {{A Short History of Derivative Security Markets}},
    year = {2009},
    booktitle = {Vinzenz Bronzin’s Option Pricing Models},
    author = {Weber, Ernst Juerg},
    pages = {431--466},
    publisher = {Springer Berlin Heidelberg},
    address = {Berlin, Heidelberg},
    doi = {10.1007/978-3-540-85711-2{\_}21}
}

@article{Heston1997AVolatility,
    title = {{A simple new formula for options with stochastic volatility}},
    year = {1997},
    author = {Heston, Steven L},
    publisher = {OLIN-97-23}
}

@article{Lewis2001AProcesses,
    title = {{A Simple Option Formula for General Jump-Diffusion and Other Exponential L{\'{e}}vy Processes}},
    year = {2001},
    journal = {SSRN Electronic Journal},
    author = {Lewis, Alan L},
    publisher = {Elsevier BV},
    doi = {10.2139/ssrn.282110}
}

@article{Robbins1951AMethod,
    title = {{A stochastic approximation method}},
    year = {1951},
    journal = {The annals of mathematical statistics},
    author = {Robbins, Herbert and Monro, Sutton},
    pages = {400--407},
    publisher = {JSTOR}
}

@article{Bossy1997AEquation,
    title = {{A stochastic particle method for the McKean-Vlasov and the Burgers equation}},
    year = {1997},
    journal = {Mathematics of Computation of the American Mathematical Society},
    author = {Bossy, Mireille and Talay, Denis},
    number = {217},
    pages = {157--192},
    volume = {66}
}

@inproceedings{Karras2019ANetworks,
    title = {{A Style-Based Generator Architecture for Generative Adversarial Networks}},
    year = {2019},
    booktitle = {Conference on Computer Vision and Pattern Recognition},
    author = {Karras, Tero and Laine, Samuli and Aila, Timo},
    month = {12},
    pages = {4401--4410},
    arxivId = {1812.04948}
}

@article{DAgostino1990ANormality,
    title = {{A Suggestion for Using Powerful and Informative Tests of Normality}},
    year = {1990},
    journal = {The American Statistician},
    author = {D'Agostino, Ralph B and Belanger, Albert and D'Agostino, Ralph B},
    number = {4},
    month = {11},
    pages = {316},
    volume = {44},
    doi = {10.2307/2684359},
    issn = {00031305}
}

@article{Song2012APrices,
    title = {{A Tale of Two Option Markets: State-Price Densities Implied from S{\&}P 500 and Vix Option Prices}},
    year = {2012},
    journal = {SSRN Electronic Journal},
    author = {Song, Zhaogang and Xiu, Dacheng},
    publisher = {Elsevier BV},
    doi = {10.2139/ssrn.2013381}
}

@article{Kutyniok2019APDEs,
    title = {{A theoretical analysis of deep neural networks and parametric PDEs}},
    year = {2019},
    journal = {arXiv:1904.00377},
    author = {Kutyniok, Gitta and Petersen, Philipp and Raslan, Mones and Schneider, Reinhold}
}

@article{Cox1985ARates,
    title = {{A theory of the term structure of interest rates}},
    year = {1985},
    journal = {Econometrica},
    author = {Cox, John C and Ingersoll, Jonathan E and Ross, Stephen A},
    number = {2},
    pages = {385--407},
    volume = {53}
}

@article{Wibisono2016AOptimization,
    title = {{A variational perspective on accelerated methods in optimization}},
    year = {2016},
    journal = {Proceedings of the National Academy of Sciences},
    author = {Wibisono, Andre and Wilson, Ashia C and Jordan, Michael I},
    number = {47},
    pages = {E7351–E7358},
    volume = {113},
    publisher = {National Acad Sciences}
}

@book{Dupuis1997ADeviations,
    title = {{A Weak Convergence Approach to the Theory of Large Deviations}},
    year = {1997},
    author = {Dupuis, P and Ellis, R S},
    series = {Wiley Series in Probability and Statistics},
    publisher = {Wiley}
}

@article{Benth2021AccuracyCurves,
    title = {{Accuracy of deep learning in calibrating HJM forward curves}},
    year = {2021},
    journal = {Digital Finance},
    author = {Benth, Fred Espen and Detering, Nils and Lavagnini, Silvia},
    number = {3-4},
    month = {12},
    pages = {209--248},
    volume = {3},
    url = {https://link.springer.com/10.1007/s42521-021-00030-w},
    doi = {10.1007/s42521-021-00030-w},
    issn = {2524-6984}
}

@article{Goyal2017AccurateHour,
    title = {{Accurate, large minibatch sgd: Training imagenet in 1 hour}},
    year = {2017},
    journal = {arXiv:1706.02677},
    author = {Goyal, Priya and Doll{\'{a}}r, Piotr and Girshick, Ross and Noordhuis, Pieter and Wesolowski, Lukasz and Kyrola, Aapo and Tulloch, Andrew and Jia, Yangqing and He, Kaiming}
}

@article{Kingma2014Adam:Optimization,
    title = {{Adam: A method for stochastic optimization}},
    year = {2014},
    journal = {arXiv:1412.6980},
    author = {Kingma, Diederik P and Ba, Jimmy}
}

@article{Pardoux1990AdaptedEquation,
    title = {{Adapted solution of a backward stochastic differential equation}},
    year = {1990},
    journal = {Systems {\&} Control Letters},
    author = {Pardoux, Etienne and Peng, Shige},
    number = {1},
    month = {1},
    pages = {55--61},
    volume = {14},
    publisher = {Elsevier BV},
    doi = {10.1016/0167-6911(90)90082-6}
}

@book{Benveniste2012AdaptiveApproximations,
    title = {{Adaptive algorithms and stochastic approximations}},
    year = {2012},
    author = {Benveniste, Albert and M{\'{e}}tivier, Michel and Priouret, Pierre},
    volume = {22},
    publisher = {Springer Science {\&} Business Media}
}

@article{Nakamura-Zimmerer2021AdaptiveEquations,
    title = {{Adaptive Deep Learning for High-Dimensional Hamilton–Jacobi–Bellman Equations}},
    year = {2021},
    journal = {SIAM Journal on Scientific Computing},
    author = {Nakamura-Zimmerer, Tenavi and Gong, Qi and Kang, Wei},
    number = {2},
    month = {1},
    pages = {A1221–A1247},
    volume = {43},
    publisher = {Society for Industrial {\&} Applied Mathematics (SIAM)},
    doi = {10.1137/19m1288802}
}

@article{Huang2017AdversarialPolicies,
    title = {{Adversarial Attacks on Neural Network Policies}},
    year = {2017},
    journal = {arXiv:1702.02284},
    author = {Huang, Sandy and Papernot, Nicolas and Goodfellow, Ian and Duan, Yan and Abbeel, Pieter}
}

@article{Casgrain2018AlgorithmicApproach,
    title = {{Algorithmic trading with partial information: A mean field game approach}},
    year = {2018},
    journal = {arXiv:1803.04094},
    author = {Casgrain, Philippe and Jaimungal, Sebastian}
}

@article{Neuenkirch2019AnAnalysis,
    title = {{An adaptive Euler-Maruyama scheme for stochastic differential equations with discontinuous drift and its convergence analysis}},
    year = {2019},
    journal = {SIAM Journal on Numerical Analysis},
    author = {Neuenkirch, Andreas and Sz{\"{o}}lgyenyi, Michaela and Szpruch, Lukasz},
    number = {1},
    pages = {378--403},
    volume = {57},
    doi = {10.1137/18M1170017},
    keywords = {60H10, 65C20, 65C30, 65L20, math.NA, math.PR}
}

@article{Zhu2012AnApplications,
    title = {{An analytical formula for VIX futures and its applications}},
    year = {2012},
    journal = {Journal of Futures Markets},
    author = {Zhu, Song-Ping and Lian, Guang-Hua},
    number = {2},
    pages = {166--190},
    volume = {32},
    publisher = {Wiley Online Library}
}

@article{DAgostino1971AnSamples,
    title = {{An Omnibus Test of Normality for Moderate and Large Size Samples}},
    year = {1971},
    journal = {Biometrika},
    author = {D'Agostino, Ralph B},
    number = {2},
    month = {8},
    pages = {341},
    volume = {58},
    doi = {10.2307/2334522},
    issn = {00063444}
}

@article{Beck2023AnEquations,
    title = {{An overview on deep learning-based approximation methods for partial differential equations}},
    year = {2023},
    journal = {Discrete and Continuous Dynamical Systems - B},
    author = {Beck, Christian and Hutzenthaler, Martin and Jentzen, Arnulf and Kuckuck, Benno},
    number = {6},
    pages = {3697--3746},
    volume = {28},
    doi = {10.3934/dcdsb.2022238},
    issn = {1531-3492}
}

@article{Hambly2019AnContagion,
    title = {{An SPDE model for systemic risk with endogenous contagion}},
    year = {2019},
    journal = {Finance and Stochastics},
    author = {Hambly, Ben and S{\o}jmark, Andreas},
    pages = {1--60},
    publisher = {Springer}
}

@article{Javanmard2019AnalysisConvexity,
    title = {{Analysis of a Two-Layer Neural Network via Displacement Convexity}},
    year = {2019},
    journal = {arXiv:1901.01375},
    author = {Javanmard, Adel and Mondelli, Marco and Montanari, Andrea}
}

@article{Szpruch2019AntitheticSDEs,
    title = {{Antithetic multilevel particle system sampling method for McKean-Vlasov SDEs}},
    year = {2019},
    journal = {arXiv:1903.07063},
    author = {Szpruch, Łukasz and Tse, Alvin}
}

@article{Fournie1999ApplicationsFinance,
    title = {{Applications of Malliavin calculus to Monte Carlo methods in finance}},
    year = {1999},
    journal = {Finance and Stochastics},
    author = {Fourni{\'{e}}, Eric and Lasry, Jean-Michel and Lebuchoux, Jérôme and Lions, Pierre-Louis and Touzi, Nizar},
    number = {4},
    pages = {391--412},
    volume = {3},
    publisher = {Springer}
}

@article{Gonon2023ApproximationSystems,
    title = {{Approximation bounds for random neural networks and reservoir systems}},
    year = {2023},
    journal = {The Annals of Applied Probability},
    author = {Gonon, Lukas and Grigoryeva, Lyudmila and Ortega, Juan-Pablo},
    number = {1},
    month = {2},
    volume = {33},
    url = {https://projecteuclid.org/journals/annals-of-applied-probability/volume-33/issue-1/Approximation-bounds-for-random-neural-networks-and-reservoir-systems/10.1214/22-AAP1806.full},
    doi = {10.1214/22-AAP1806},
    issn = {1050-5164},
    keywords = {cs.NE, cs.SY, eess.SY, math.PR}
}

@article{Hornik1991ApproximationNetworks,
    title = {{Approximation capabilities of multilayer feedforward networks}},
    year = {1991},
    journal = {Neural Networks},
    author = {Hornik, Kurt},
    number = {2},
    pages = {251--257},
    volume = {4},
    doi = {10.1016/0893-6080(91)90009-T},
    issn = {08936080}
}

@article{Rogers1997ArbitrageMotion,
    title = {{Arbitrage with Fractional Brownian Motion}},
    year = {1997},
    journal = {Mathematical Finance},
    author = {Rogers, Leonard Christopher Gordon},
    number = {1},
    month = {1},
    pages = {95--105},
    volume = {7},
    doi = {10.1111/1467-9965.00025},
    issn = {0960-1627}
}

@article{Cohen2021Arbitrage-freeModels,
    title = {{Arbitrage-free neural-SDE market models}},
    year = {2021},
    journal = {arXiv:2105.11053},
    author = {Cohen, Samuel N and Reisinger, Christoph and Wang, Sheng}
}

@article{Pipiras2001AreComplete,
    title = {{Are Classes of Deterministic Integrands for Fractional Brownian Motion on an Interval Complete?}},
    year = {2001},
    journal = {Bernoulli},
    author = {Pipiras, Vladas and Taqqu, Murad S},
    number = {6},
    month = {12},
    pages = {873},
    volume = {7},
    doi = {10.2307/3318624},
    issn = {13507265}
}

@article{Guennoun2018AsymptoticModel,
    title = {{Asymptotic Behavior of the Fractional Heston Model}},
    year = {2018},
    journal = {SIAM Journal on Financial Mathematics},
    author = {Guennoun, Hamza and Jacquier, Antoine and Roome, Patrick and Shi, Fangwei},
    number = {3},
    month = {1},
    pages = {1017--1045},
    volume = {9},
    doi = {10.1137/17M1142892},
    issn = {1945-497X}
}

@article{Schilder1966AsymptoticIntegrals,
    title = {{Asymptotic formulas for Wiener integrals}},
    year = {1966},
    journal = {Transactions of the AMS},
    author = {Schilder, M},
    pages = {63--85},
    volume = {125}
}

@article{Dupont2019AugmentedOdes,
    title = {{Augmented neural odes}},
    year = {2019},
    journal = {arXiv:1904.01681},
    author = {Dupont, Emilien and Doucet, Arnaud and Teh, Yee Whye}
}

@article{Kingma2013Auto-EncodingBayes,
    title = {{Auto-Encoding Variational Bayes}},
    year = {2013},
    journal = {arXiv:1312.6114 },
    author = {Kingma, Diederik P and Welling, Max},
    month = {12},
    arxivId = {1312.6114}
}

@article{Paszke2017AutomaticPytorch,
    title = {{Automatic differentiation in pytorch}},
    year = {2017},
    journal = {Conference on Neural Information Processing Systems},
    author = {Paszke, Adam and Gross, Sam and Chintala, Soumith and Chanan, Gregory and Yang, Edward and DeVito, Zachary and Lin, Zeming and Desmaison, Alban and Antiga, Luca and Lerer, Adam},
    volume = {31}
}

@article{Yu2020BackwardProblems,
    title = {{Backward Deep BSDE Methods and Applications to Nonlinear Problems}},
    year = {2020},
    journal = {arXiv:2006.07635},
    author = {Yu, Yajie and Hientzsch, Bernhard and Ganesan, Narayan},
    month = {6},
    arxivId = {2006.07635},
    keywords = {q-fin.CP, q-fin.MF, q-fin.PR}
}

@article{Sepp2012BetaModel,
    title = {{Beta stochastic volatility model}},
    year = {2012},
    journal = {Risk Magazine},
    author = {Sepp, Artur and Karasinski, Piotr},
    pages = {66--71}
}

@book{Karatzas2012BrownianCalculus,
    title = {{Brownian Motion and Stochastic Calculus}},
    year = {2012},
    author = {Karatzas, Ioannis and Shreve, Steven E},
    publisher = {Springer New York},
    address = {New York, NY},
    isbn = {978-0-387-97655-6},
    doi = {10.1007/978-1-4612-0949-2}
}

@article{Tian2015CalibratingModel,
    title = {{Calibrating and pricing with a stochastic-local volatility model}},
    year = {2015},
    journal = {The Journal of Derivatives},
    author = {Tian, Yu and Zhu, Zili and Lee, Geoffrey and Klebaner, Fima and Hamza, Kais},
    number = {3},
    pages = {21--39},
    volume = {22},
    publisher = {Institutional Investor Journals Umbrella}
}

@article{Avellaneda1997CalibratingMinimization,
    title = {{Calibrating volatility surfaces via relative-entropy minimization}},
    year = {1997},
    journal = {Applied Mathematical Finance},
    author = {Avellaneda, Marco and Friedman, Craig and Holmes, Richard and Samperi, Dominick},
    number = {1},
    month = {3},
    pages = {37--64},
    volume = {4},
    publisher = {Informa UK Limited},
    doi = {10.1080/135048697334827}
}

@article{Guo2022CalibrationTransport,
    title = {{Calibration of Local-Stochastic Volatility Models by Optimal Transport}},
    year = {2022},
    journal = {Mathematical Finance},
    author = {Guo, Ivan and Loeper, Gregoire and Wang, Shiyi},
    number = {1},
    month = {1},
    pages = {46--77},
    volume = {32},
    arxivId = {1906.06478},
    keywords = {math.OC, q-fin.MF}
}

@article{Acciaio2020CausalOptimization,
    title = {{Causal optimal transport and its links to enlargement of filtrations and continuous-time stochastic optimization}},
    year = {2020},
    journal = {Stochastic Processes and their Applications},
    author = {Acciaio, Beatrice and Backhoff-Veraguas, Julio and Zalashko, Anastasiia},
    number = {5},
    month = {5},
    pages = {2918--2953},
    volume = {130},
    doi = {10.1016/j.spa.2019.08.009},
    issn = {03044149}
}

@article{Lassalle2018CausalProblems,
    title = {{Causal transference plans and their Monge-Kantorovich problems}},
    year = {2018},
    journal = {Stochastic Analysis and Applications},
    author = {Lassalle, Rémi},
    number = {3},
    month = {3},
    pages = {452--484},
    volume = {36},
    arxivId = {1303.6925}
}

@article{NicoleElKarouiNguyenDuhuu1987CompactificationControl,
    title = {{Compactification Methods in the Control of Degenerate Diffusions: Existence of an Optimal Control}},
    year = {1987},
    journal = {Stochastics},
    author = {Nicole El Karoui Nguyen Du'huu, Monique Jeanblanc-pique},
    volume = {20}
}

@article{Sontag1997CompleteNetworks,
    title = {{Complete controllability of continuous-time recurrent neural networks}},
    year = {1997},
    journal = {Systems Control Lett.},
    author = {Sontag, Eduardo and Sussmann, Héctor},
    number = {4},
    pages = {177--183},
    volume = {30},
    url = {https://doi.org/10.1016/S0167-6911(97)00002-9},
    doi = {10.1016/S0167-6911(97)00002-9},
    issn = {0167-6911}
}

@article{Eckstein2019ComputationNetworks,
    title = {{Computation of optimal transport and related hedging problems via penalization and neural networks}},
    year = {2019},
    journal = {Applied Mathematics {\&} Optimization},
    author = {Eckstein, Stephan and Kupper, Michael},
    pages = {1--29},
    publisher = {Springer}
}

@article{Fink2013ConditionalMotion,
    title = {{Conditional Distributions of Processes Related to Fractional Brownian Motion}},
    year = {2013},
    journal = {Journal of Applied Probability},
    author = {Fink, Holger and Kl{\"{u}}ppelberg, Claudia and Z{\"{a}}hle, Martina},
    number = {1},
    pages = {166--183},
    volume = {50},
    publisher = {Applied Probability Trust},
    url = {http://www.jstor.org/stable/43283452},
    issn = {00219002}
}

@book{Rockafellar1974ConjugateOptimization,
    title = {{Conjugate duality and optimization}},
    year = {1974},
    author = {Rockafellar, Tyrrell R},
    publisher = {SIAM}
}

@inproceedings{Gatheral2008ConsistentOptions,
    title = {{Consistent modeling of SPX and VIX options}},
    year = {2008},
    booktitle = {Bachelier congress},
    author = {Gatheral, Jim}
}

@article{Baldeaux2014ConsistentModel,
    title = {{Consistent Modelling of VIX and Equity Derivatives Using a 3/2 plus Jumps Model}},
    year = {2014},
    journal = {Applied Mathematical Finance},
    author = {Baldeaux, Jan and Badran, Alexander},
    number = {4},
    month = {7},
    pages = {299--312},
    volume = {21},
    doi = {10.1080/1350486X.2013.868631},
    issn = {1350-486X}
}

@article{Gambara2020ConsistentCalibration,
    title = {{Consistent Recalibration Models and Deep Calibration}},
    year = {2020},
    journal = {arXiv:2006.09455},
    author = {Gambara, Matteo and Teichmann, Josef}
}

@article{Dahl2012Context-dependentRecognition,
    title = {{Context-dependent pre-trained deep neural networks for large-vocabulary speech recognition}},
    year = {2012},
    journal = {IEEE Transactions on audio, speech, and language processing},
    author = {Dahl, G E and Yu, D and Deng, L and Acero, A},
    number = {1},
    pages = {30--42},
    volume = {20}
}

@book{Kazamaki1994ContinuousBMO,
    title = {{Continuous Exponential Martingales and BMO}},
    year = {1994},
    author = {Kazamaki, Norihiko},
    publisher = {Springer-Verlag Berlin Heidelberg}
}

@book{Pham2009Continuous-timeApplications,
    title = {{Continuous-time Stochastic Control and Optimization with Financial Applications}},
    year = {2009},
    author = {Pham, Huyen},
    publisher = {Springer-Verlag Berlin Heidelberg}
}

@book{Cvitanic2012ContractModels,
    title = {{Contract Theory in Continuous-Time Models}},
    year = {2012},
    author = {Cvitanic, Jaksa and Zhang, Jianfeng},
    publisher = {Springer}
}

@book{Krylov1980ControlledProcesses,
    title = {{Controlled Diffusion Processes}},
    year = {1980},
    author = {Krylov, Nicolai V},
    volume = {14},
    publisher = {Springer New York},
    address = {New York, NY},
    isbn = {978-3-540-70913-8},
    doi = {10.1007/978-3-540-70914-5},
    issn = {0172-4568}
}

@book{Billingsley1999ConvergenceMeasures,
    title = {{Convergence of probability measures}},
    year = {1999},
    author = {Billingsley, Patrick},
    publisher = {John Wiley {\&} Sons}
}

@article{Fehrman2019ConvergenceFunctions,
    title = {{Convergence rates for the stochastic gradient descent method for non-convex objective functions}},
    year = {2019},
    journal = {arXiv:1904.01517},
    author = {Fehrman, Benjamin and Gess, Benjamin and Jentzen, Arnulf}
}

@article{Pennanen2011ConvexFinance,
    title = {{Convex duality in stochastic optimization and mathematical finance}},
    year = {2011},
    journal = {Mathematics of Operations Research},
    author = {Pennanen, Teemu},
    number = {2},
    pages = {340--362},
    volume = {36},
    publisher = {INFORMS}
}

@article{Glasserman1997CounterexamplesProbabilities,
    title = {{Counterexamples in importance sampling for large deviations probabilities}},
    year = {1997},
    journal = {The Annals of Applied Probability},
    author = {Glasserman, Paul and Wang, Yashan},
    number = {3},
    pages = {731--746},
    volume = {7}
}

@article{Cohen2018DataApproach,
    title = {{Data and uncertainty in extreme risks-a nonlinear expectations approach}},
    year = {2018},
    journal = {World Scientific Book Chapters},
    author = {Cohen, Samuel N},
    pages = {135--162},
    publisher = {World Scientific}
}

@article{Bennedsen2022DecouplingVolatility,
    title = {{Decoupling the Short- and Long-Term Behavior of Stochastic Volatility}},
    year = {2022},
    journal = {Journal of Financial Econometrics},
    author = {Bennedsen, Mikkel and Lunde, Asger and Pakkanen, Mikko S},
    number = {5},
    month = {11},
    pages = {961--1006},
    volume = {20},
    doi = {10.1093/jjfinec/nbaa049},
    issn = {1479-8409}
}

@article{Hure2020DeepPDEs,
    title = {{Deep backward schemes for high-dimensional nonlinear PDEs}},
    year = {2020},
    journal = {Mathematics of Computation},
    author = {Hur{\'{e}}, Côme and Pham, Huyên and Warin, Xavier},
    pages = {1547--1579},
    volume = {89},
    doi = {10.1090/mcom/3514},
    issn = {0025-5718}
}

@article{Bayer2018DeepModels,
    title = {{Deep calibration of rough stochastic volatility models}},
    year = {2018},
    journal = {arXiv:1810.03399},
    author = {Bayer, Christian and Stemper, Benjamin},
    keywords = {60G22, 62F10, 62F15, 62M45, 62P05, 68T20, 91B25, 91G20, 91G60, cs.LG, q-fin.PR}
}

@article{Jacquier2023DeepVolatility,
    title = {{Deep Curve-Dependent PDEs for Affine Rough Volatility}},
    year = {2023},
    journal = {SIAM Journal on Financial Mathematics},
    author = {Jacquier, Antoine and Oumgari, Mugad},
    number = {2},
    month = {6},
    pages = {353--382},
    volume = {14},
    doi = {10.1137/19M1267805},
    issn = {1945-497X}
}

@article{Buehler2019DeepHedging,
    title = {{Deep hedging}},
    year = {2019},
    journal = {Quantitative Finance},
    author = {Buehler, Hans and Gonon, Lukas and Teichmann, Josef and Wood, Ben},
    pages = {1--21},
    publisher = {Taylor {\&} Francis}
}

@article{LeCun2015DeepLearning,
    title = {{Deep learning}},
    year = {2015},
    journal = {Nature},
    author = {LeCun, Yann and Bengio, Yoshua and Hinton, Geoffrey},
    number = {7553},
    pages = {436},
    volume = {521},
    publisher = {Nature Publishing Group}
}

@book{Goodfellow2016DeepLearning,
    title = {{Deep Learning}},
    year = {2016},
    author = {Goodfellow, Ian and Bengio, Yoshua and Courville, Aaron},
    publisher = {MIT Press}
}

@article{Heaton2017DeepPortfolios,
    title = {{Deep learning for finance: deep portfolios}},
    year = {2017},
    journal = {Applied Stochastic Models in Business and Industry},
    author = {Heaton, J B and Polson, Nick G and Witte, Jan H},
    number = {1},
    month = {1},
    pages = {3--12},
    volume = {33},
    doi = {10.1002/asmb.2209},
    issn = {15241904}
}

@article{Schwab2019DeepUQ,
    title = {{Deep learning in high dimension: Neural network expression rates for generalized polynomial chaos expansions in UQ}},
    year = {2019},
    journal = {Analysis and Applications},
    author = {Schwab, Christoph and Zech, Jakob},
    number = {01},
    month = {1},
    pages = {19--55},
    volume = {17},
    doi = {10.1142/S0219530518500203},
    issn = {0219-5305}
}

@article{Horvath2020DeepModels,
    title = {{Deep learning volatility: a deep neural network perspective on pricing and calibration in (rough) volatility models}},
    year = {2020},
    journal = {Quantitative Finance},
    author = {Horvath, Blanka and Muguruza, Aitor and Tomas, Mehdi},
    number = {1},
    month = {10},
    pages = {11--27},
    volume = {21},
    publisher = {Informa UK Limited},
    doi = {10.1080/14697688.2020.1817974}
}

@article{E2017DeepEquations,
    title = {{Deep Learning-Based Numerical Methods for High-Dimensional Parabolic Partial Differential Equations and Backward Stochastic Differential Equations}},
    year = {2017},
    journal = {Communications in Mathematics and Statistics},
    author = {E, Weinan and Han, Jiequn and Jentzen, Arnulf},
    number = {4},
    month = {11},
    pages = {349--380},
    volume = {5},
    publisher = {Springer Science and Business Media LLC},
    doi = {10.1007/s40304-017-0117-6}
}

@article{Cuchiero2020DeepODEs,
    title = {{Deep Neural Networks, Generic Universal Interpolation, and Controlled ODEs}},
    year = {2020},
    journal = {SIAM Journal on Mathematics of Data Science},
    author = {Cuchiero, Christa and Larsson, Martin and Teichmann, Josef},
    number = {3},
    month = {1},
    pages = {901--919},
    volume = {2},
    url = {https://epubs.siam.org/doi/10.1137/19M1284117},
    doi = {10.1137/19M1284117},
    issn = {2577-0187}
}

@article{Casgrain2019DeepNash-DQN,
    title = {{Deep Q-Learning for Nash Equilibria: Nash-DQN}},
    year = {2019},
    journal = {arXiv:1904.10554},
    author = {Casgrain, Philippe and Ning, Brian and Jaimungal, Sebastian}
}

@article{Gonon2023DeepEquations,
    title = {{Deep ReLU neural networks overcome the curse of dimensionality for partial integrodifferential equations}},
    year = {2023},
    journal = {Analysis and Applications},
    author = {Gonon, Lukas and Schwab, Christoph},
    number = {01},
    month = {1},
    pages = {1--47},
    volume = {21},
    doi = {10.1142/S0219530522500129},
    issn = {0219-5305}
}

@article{Beck2021DeepPDEs,
    title = {{Deep Splitting Method for Parabolic PDEs}},
    year = {2021},
    journal = {SIAM Journal on Scientific Computing},
    author = {Beck, Christian and Becker, Sebastian and Cheridito, Patrick and Jentzen, Arnulf and Neufeld, Ariel},
    number = {5},
    month = {1},
    pages = {A3135–A3154},
    volume = {43},
    publisher = {Society for Industrial {\&} Applied Mathematics (SIAM)},
    doi = {10.1137/19m1297919}
}

@article{Huang2017DenselyNetworks,
    title = {{Densely connected convolutional networks}},
    year = {2017},
    journal = {Conference on Computer Vision and Pattern Recognition},
    author = {Huang, G and Liu, Z and Van Der Maaten, L and Weinberger, K Q},
    volume = {1}
}

@misc{PyTorchDetachMethod,
    title = {{detach() method}},
    author = {{PyTorch}},
    url = {https://pytorch.org/docs/stable/autograd.html?highlight=detach#torch.Tensor.detach}
}

@article{Sirignano2018DGM:Equations,
    title = {{DGM: A deep learning algorithm for solving partial differential equations}},
    year = {2018},
    journal = {Journal of Computational Physics},
    author = {Sirignano, Justin and Spiliopoulos, Konstantinos},
    month = {12},
    pages = {1339--1364},
    volume = {375},
    publisher = {Elsevier BV},
    doi = {10.1016/j.jcp.2018.08.029}
}

@book{Amari2012Differential-geometricalStatistics,
    title = {{Differential-geometrical methods in statistics}},
    year = {2012},
    author = {Amari, Shun-ichi},
    volume = {28},
    publisher = {Springer Science {\&} Business Media}
}

@article{Varadhan1967DiffusionInterval,
    title = {{Diffusion processes in a small time interval}},
    year = {1967},
    journal = {Communications on Pure and Applied Mathematics},
    author = {Varadhan, S R Srinivasa},
    number = {4},
    pages = {659--685},
    volume = {20}
}

@article{Anscombe1983DistributionSamples,
    title = {{Distribution of the Kurtosis Statistic {\$}b{\_}2{\$} for Normal Samples}},
    year = {1983},
    journal = {Biometrika},
    author = {Anscombe, Francis John and Glynn, William J.},
    number = {1},
    month = {4},
    pages = {227},
    volume = {70},
    doi = {10.2307/2335960},
    issn = {00063444}
}

@article{Elbrachter2021DNNPricing,
    title = {{DNN Expression Rate Analysis of High-Dimensional PDEs: Application to Option Pricing}},
    year = {2021},
    journal = {Constructive Approximation},
    author = {Elbr{\"{a}}chter, Dennis and Grohs, Philipp and Jentzen, Arnulf and Schwab, Christoph},
    number = {1},
    month = {5},
    pages = {3--71},
    volume = {55},
    publisher = {Springer Science and Business Media LLC},
    doi = {10.1007/s00365-021-09541-6}
}

@article{Belkin2018DoesOptimality,
    title = {{Does data interpolation contradict statistical optimality?}},
    year = {2018},
    journal = {arXiv:1806.09471},
    author = {Belkin, Mikhail and Rakhlin, Alexander and Tsybakov, Alexandre B}
}

@article{Srivastava2014Dropout:Overfitting,
    title = {{Dropout: a simple way to prevent neural networks from overfitting}},
    year = {2014},
    journal = {The journal of machine learning research},
    author = {Srivastava, Nitish and Hinton, Geoffrey and Krizhevsky, Alex and Sutskever, Ilya and Salakhutdinov, Ruslan},
    number = {1},
    pages = {1929--1958},
    volume = {15},
    publisher = {JMLR. org}
}

@article{Biagini2018DualityFinance,
    title = {{Duality and optimality conditions in stochastic optimization and mathematical finance}},
    year = {2018},
    journal = {Journal of Convex Analysis},
    author = {Biagini, Sara and Pennanen, Teemu and Perkki{\"{o}}, Ari-Pekka},
    pages = {403--420},
    volume = {25}
}

@article{Prat2010DynamicUncertainty,
    title = {{Dynamic Incentive Contracts under Parameter Uncertainty}},
    year = {2010},
    journal = {IZA},
    author = {Prat, Julien and Jovanovic, Boyan},
    volume = {DP No. 5323}
}

@article{Cvitanic2015DynamicProblems,
    title = {{Dynamic programming approach to principal-agent problems}},
    year = {2015},
    journal = {Finance and Stochastics},
    author = {Cvitanic, Jaksa and Possamai, Dylan and Touzi, Nizar}
}

@article{Lachapelle2016EfficiencyAnalysis,
    title = {{Efficiency of the price formation process in presence of high frequency participants: a mean field game analysis}},
    year = {2016},
    journal = {Mathematics and Financial Economics},
    author = {Lachapelle, Aimé and Lasry, Jean-Michel and Lehalle, Charles-Albert and Lions, Pierre-Louis},
    number = {3},
    pages = {223--262},
    volume = {10},
    publisher = {Springer}
}

@book{LeCun2012EfficientBackProp,
    title = {{Efficient BackProp}},
    year = {2012},
    booktitle = {Lecture Notes in Computer Science},
    author = {LeCun, Yann A and Bottou, Léon and Orr, Genevieve B and M{\"{u}}ller, Klaus-Robert},
    pages = {9--48},
    publisher = {Springer Berlin Heidelberg},
    doi = {10.1007/978-3-642-35289-8{\_}3}
}

@article{Broadie2011EfficientSimulation,
    title = {{Efficient Risk Estimation via Nested Sequential Simulation}},
    year = {2011},
    journal = {Management Science},
    author = {Broadie, Mark and Du, Yiping and Moallemi, Ciamac C.},
    number = {6},
    month = {6},
    pages = {1172--1194},
    volume = {57},
    doi = {10.1287/mnsc.1110.1330},
    issn = {0025-1909}
}

@article{Rmer2022EmpiricalMarkets,
    title = {{Empirical analysis of rough and classical stochastic volatility models to the SPX and VIX markets}},
    year = {2022},
    journal = {Quantitative Finance},
    author = {R{\o}mer, Sigurd Emil},
    number = {10},
    month = {10},
    pages = {1805--1838},
    volume = {22},
    doi = {10.1080/14697688.2022.2081592},
    issn = {1469-7688}
}

@book{Ellis2006EntropyMechanics,
    title = {{Entropy, Large Deviations, and Statistical Mechanics}},
    year = {2006},
    author = {Ellis, Richard S.},
    publisher = {Springer Berlin Heidelberg},
    address = {Berlin, Heidelberg},
    isbn = {978-3-540-29059-9},
    doi = {10.1007/3-540-29060-5}
}

@article{Stein1981EstimationDistribution,
    title = {{Estimation of the Mean of a Multivariate Normal Distribution}},
    year = {1981},
    journal = {The Annals of Statistics},
    author = {Stein, Charles M},
    number = {6},
    month = {11},
    volume = {9},
    publisher = {Institute of Mathematical Statistics},
    doi = {10.1214/aos/1176345632}
}

@article{Kurtz1998ExistenceControls,
    title = {{Existence of Markov controls and characterization of optimal Markov controls}},
    year = {1998},
    journal = {SIAM Journal on Control and Optimization},
    author = {Kurtz, Thomas G and Stockbridge, Richard H},
    number = {2},
    pages = {609--653},
    volume = {36},
    publisher = {SIAM}
}

@book{Haussmann1986ExistenceDiffusions,
    title = {{Existence of optimal Markovian controls for degenerate diffusions}},
    year = {1986},
    booktitle = {Lecture Notes in Control and Information Sciences, vol . Springer, Berlin, Heidelberg},
    author = {Haussmann, U. G.},
    month = {3},
    pages = {171--186},
    publisher = {Springer},
    doi = {10.1007/BFb0041161}
}

@article{Goodfellow2014ExplainingExamples,
    title = {{Explaining and Harnessing Adversarial Examples}},
    year = {2014},
    journal = {arXiv:1412.6572},
    author = {Goodfellow, Ian J and Shlens, Jonathan and Szegedy, Christian}
}

@inproceedings{Neyshabur2017ExploringLearning,
    title = {{Exploring generalization in deep learning}},
    year = {2017},
    booktitle = {Advances in Neural Information Processing Systems},
    author = {Neyshabur, Behnam and Bhojanapalli, Srinadh and McAllester, David and Srebro, Nati},
    pages = {5947--5956}
}

@article{Liang2019ExponentialNoise,
    title = {{Exponential ergodicity for SDEs and McKean-Vlasov processes with L{\'{e}}vy noise}},
    year = {2019},
    journal = {arXiv:1901.11125},
    author = {Liang, M and Majka, M B and Wang, J}
}

@article{Gonon2021FadingUniversal,
    title = {{Fading memory echo state networks are universal}},
    year = {2021},
    journal = {Neural Networks},
    author = {Gonon, Lukas and Ortega, Juan-Pablo},
    month = {6},
    pages = {10--13},
    volume = {138},
    publisher = {Elsevier BV},
    doi = {10.1016/j.neunet.2021.01.025}
}

@incollection{Liu2018FinancialNetwork,
    title = {{Financial Data Forecasting Using Optimized Echo State Network}},
    year = {2018},
    booktitle = {Neural Information Processing},
    author = {Liu, Junxiu and Sun, Tiening and Luo, Yuling and Fu, Qiang and Cao, Yi and Zhai, Jia and Ding, Xuemei},
    pages = {138--149},
    publisher = {Springer International Publishing},
    doi = {10.1007/978-3-030-04221-9{\_}13}
}

@article{Arora2019Fine-grainedNetworks,
    title = {{Fine-grained analysis of optimization and generalization for overparameterized two-layer neural networks}},
    year = {2019},
    journal = {arXiv:1901.08584},
    author = {Arora, Sanjeev and Du, Simon S and Hu, Wei and Li, Zhiyuan and Wang, Ruosong}
}

@article{Mandelbrot1968FractionalApplications,
    title = {{Fractional Brownian Motions, Fractional Noises and Applications}},
    year = {1968},
    journal = {SIAM Review},
    author = {Mandelbrot, Benoit B and Ness, John W Van},
    number = {4},
    month = {10},
    pages = {422--437},
    volume = {10},
    publisher = {Society for Industrial {\&} Applied Mathematics (SIAM)},
    doi = {10.1137/1010093}
}

@article{Engel2019GANSynth:Synthesis,
    title = {{GANSynth: Adversarial Neural Audio Synthesis}},
    year = {2019},
    journal = {arXiv:1902.08710},
    author = {Engel, Jesse and Agrawal, Kumar Krishna and Chen, Shuo and Gulrajani, Ishaan and Donahue, Chris and Roberts, Adam},
    month = {2},
    arxivId = {1902.08710}
}

@article{Baldi2011GeneralDiffusions,
    title = {{General Freidlin-Wentzell large deviations and positive diffusions}},
    year = {2011},
    journal = {Statistics {\&} Probability Letters},
    author = {Baldi, Paolo and Caramellino, Lucia},
    number = {8},
    month = {8},
    pages = {1218--1229},
    volume = {81},
    publisher = {Elsevier BV},
    doi = {10.1016/j.spl.2011.03.020}
}

@article{Mei2022GeneralizationConcentration,
    title = {{Generalization error of random feature and kernel methods: Hypercontractivity and kernel matrix concentration}},
    year = {2022},
    journal = {Applied and Computational Harmonic Analysis},
    author = {Mei, Song and Misiakiewicz, Theodor and Montanari, Andrea},
    month = {7},
    pages = {3--84},
    volume = {59},
    publisher = {Elsevier BV},
    doi = {10.1016/j.acha.2021.12.003}
}

@article{Otto2000GeneralizationInequality,
    title = {{Generalization of an Inequality by Talagrand and Links with the Logarithmic Sobolev Inequality}},
    year = {2000},
    journal = {Journal of Functional Analysis},
    author = {Otto, F and Villani, C},
    pages = {361--400},
    volume = {173}
}

@article{Bollerslev1986GeneralizedHeteroskedasticity,
    title = {{Generalized autoregressive conditional heteroskedasticity}},
    year = {1986},
    journal = {Journal of econometrics},
    author = {Bollerslev, Tim},
    number = {3},
    pages = {307--327},
    volume = {31},
    publisher = {Elsevier}
}

@article{Goodfellow2020GenerativeNetworks,
    title = {{Generative adversarial networks}},
    year = {2020},
    journal = {Communications of the ACM},
    author = {Goodfellow, Ian and Pouget-Abadie, Jean and Mirza, Mehdi and Xu, Bing and Warde-Farley, David and Ozair, Sherjil and Courville, Aaron and Bengio, Yoshua},
    number = {11},
    pages = {139--144},
    volume = {63},
    publisher = {ACM New York, NY, USA}
}

@book{Federer1996GeometricTheory,
    title = {{Geometric Measure Theory}},
    year = {1996},
    author = {Federer, Herbert},
    editor = {Eckmann, B. and van der Waerden, B. L.},
    publisher = {Springer Berlin Heidelberg},
    address = {Berlin, Heidelberg},
    isbn = {978-3-540-60656-7},
    doi = {10.1007/978-3-642-62010-2}
}

@book{Henry1981GeometricEquations,
    title = {{Geometric Theory of Semilinear Parabolic Equations}},
    year = {1981},
    author = {Henry, D},
    series = {Lecture Notes in Mathematics 840},
    publisher = {Springer-Verlag Berlin Heidelberg}
}

@incollection{Bottou2018GeometricalModeling,
    title = {{Geometrical insights for implicit generative modeling}},
    year = {2018},
    booktitle = {Braverman Readings in Machine Learning. Key Ideas from Inception to Current State},
    author = {Bottou, Leon and Arjovsky, Martin and Lopez-Paz, David and Oquab, Maxime},
    pages = {229--268},
    publisher = {Springer}
}

@article{Du2018GradientNetworks,
    title = {{Gradient descent finds global minima of deep neural networks}},
    year = {2018},
    journal = {arXiv:1811.03804},
    author = {Du, Simon S and Lee, Jason D and Li, Haochuan and Wang, Liwei and Zhai, Xiyu}
}

@article{Siska2020GradientProblems,
    title = {{Gradient Flows for Regularized Stochastic Control Problems}},
    year = {2020},
    journal = {arXiv:2006.05956},
    author = {{\v{S}}i{\v{s}}ka, David and Szpruch, Łukasz}
}

@article{Fouque2018HestonOptions,
    title = {{Heston stochastic vol-of-vol model for joint calibration of VIX and S{\&}P 500 options}},
    year = {2018},
    journal = {Quantitative Finance},
    author = {Fouque, Jean-Pierre and Saporito, Yuri F.},
    number = {6},
    month = {6},
    pages = {1003--1016},
    volume = {18},
    doi = {10.1080/14697688.2017.1412493},
    issn = {1469-7688}
}

@article{Bennedsen2017HybridProcesses,
    title = {{Hybrid scheme for Brownian semistationary processes}},
    year = {2017},
    journal = {Finance and Stochastics},
    author = {Bennedsen, Mikkel and Lunde, Asger and Pakkanen, Mikko S},
    number = {4},
    month = {6},
    pages = {931--965},
    volume = {21},
    publisher = {Springer Science and Business Media LLC},
    doi = {10.1007/s00780-017-0335-5}
}

@article{Cattiaux2002HypoellipticDiffusions,
    title = {{Hypoelliptic non-homogeneous diffusions}},
    year = {2002},
    journal = {Probability Theory and Related Fields},
    author = {Cattiaux, P and Mesnager, L},
    number = {4},
    pages = {453--483},
    volume = {123}
}

@article{Dupuis2012ImportanceDiffusions,
    title = {{Importance Sampling for Multiscale Diffusions}},
    year = {2012},
    journal = {Multiscale Modeling {\&} Simulation},
    author = {Dupuis, Paul and Spiliopoulos, Konstantinos and Wang, Hui},
    number = {1},
    pages = {1--27},
    volume = {10}
}

@article{Morse2020ImportanceDeviations,
    title = {{Importance sampling for slow-fast diffusions based on moderate deviations}},
    year = {2020},
    journal = {Multiscale Modeling {\&} Simulation},
    author = {Morse, Matthew R and Spiliopoulos, Konstantinos},
    number = {1},
    pages = {315--350},
    volume = {18},
    publisher = {SIAM}
}

@article{Hartmann2018ImportanceVariables,
    title = {{Importance sampling in path space for diffusion processes with slow-fast variables}},
    year = {2018},
    journal = {Probability Theory and Related Fields},
    author = {Hartmann, Carsten and Sch{\"{u}}tte, Christof and Weber, Marcus and Zhang, Wei},
    number = {1},
    pages = {177--228},
    volume = {170}
}

@article{Siegmund1976ImportanceTests,
    title = {{Importance Sampling in the Monte Carlo Study of Sequential Tests}},
    year = {1976},
    journal = {The Annals of Statistics},
    author = {Siegmund, David},
    pages = {673--684}
}

@article{Dupuis2004ImportanceGames,
    title = {{Importance sampling, large deviations, and differential games}},
    year = {2004},
    journal = {Stochastics: An International Journal of Probability and Stochastic Processes},
    author = {Dupuis, Paul and Wang, Hui},
    number = {6},
    pages = {481--508},
    volume = {76},
    publisher = {Taylor {\&} Francis}
}

@incollection{Giles2008ImprovedScheme,
    title = {{Improved multilevel Monte Carlo convergence using the Milstein scheme}},
    year = {2008},
    booktitle = {Monte Carlo and Quasi-Monte Carlo Methods 2006},
    author = {Giles, Mike},
    pages = {343--358},
    publisher = {Springer}
}

@article{Neyshabur2014InLearning,
    title = {{In search of the real inductive bias: On the role of implicit regularization in deep learning}},
    year = {2014},
    journal = {arXiv:1412.6614},
    author = {Neyshabur, Behnam and Tomioka, Ryota and Srebro, Nathan}
}

@article{Bardgett2019InferringMarkets,
    title = {{Inferring volatility dynamics and risk premia from the S{\&}amp;P 500 and VIX markets}},
    year = {2019},
    journal = {Journal of Financial Economics},
    author = {Bardgett, Chris and Gourier, Elise and Leippold, Markus},
    number = {3},
    month = {3},
    pages = {593--618},
    volume = {131},
    publisher = {Elsevier BV},
    url = {https://linkinghub.elsevier.com/retrieve/pii/S0304405X18302605},
    doi = {10.1016/j.jfineco.2018.09.008},
    issn = {0304405X}
}

@article{Bock2020IntegralMotion,
    title = {{Integral representation of generalized grey Brownian motion}},
    year = {2020},
    journal = {Stochastics},
    author = {Bock, Wolfgang and Desmettre, Sascha and da Silva, José Luís},
    number = {4},
    month = {5},
    pages = {552--565},
    volume = {92},
    doi = {10.1080/17442508.2019.1641093},
    issn = {1744-2508}
}

@book{Folland1995IntroductionEquations,
    title = {{Introduction to partial differential equations}},
    year = {1995},
    author = {Folland, Gerald B},
    pages = {324},
    publisher = {Princeton University Press},
    isbn = {0691043612}
}

@article{Guyon2020InversionMarket,
    title = {{Inversion of convex ordering in the VIX market}},
    year = {2020},
    journal = {Quantitative Finance},
    author = {Guyon, Julien},
    number = {10},
    month = {10},
    pages = {1597--1623},
    volume = {20},
    publisher = {Elsevier BV},
    url = {https://www.tandfonline.com/doi/full/10.1080/14697688.2020.1753885},
    doi = {10.1080/14697688.2020.1753885},
    issn = {1469-7688}
}

@article{Szpruch2019IterativeEstimation,
    title = {{Iterative Particle Approximation for McKean-Vlasov SDEs with application to Multilevel Monte Carlo estimation}},
    year = {2019},
    journal = {To appear in Annals of Applied Probability},
    author = {Szpruch, Łukasz and Tan, Shuren and Tse, Alvin}
}

@article{Guo2022JointTransport,
    title = {{Joint Modeling and Calibration of SPX and VIX by Optimal Transport}},
    year = {2022},
    journal = {SIAM Journal on Financial Mathematics},
    author = {Guo, Ivan and Loeper, Grégoire and Ob{\l}{\'{o}}j, Jan and Wang, Shiyi},
    number = {1},
    month = {3},
    pages = {1--31},
    volume = {13},
    url = {https://epubs.siam.org/doi/10.1137/20M1375905},
    doi = {10.1137/20M1375905},
    issn = {1945-497X}
}

@article{Kokholm2015JointModels,
    title = {{Joint pricing of VIX and SPX options with stochastic volatility and jump models}},
    year = {2015},
    journal = {The Journal of Risk Finance},
    author = {Kokholm, Thomas and Stisen, Martin},
    publisher = {Emerald Group Publishing Limited}
}

@article{Jaber2022JointHints,
    title = {{Joint SPX-VIX calibration with Gaussian polynomial volatility models: deep pricing with quantization hints}},
    year = {2022},
    journal = {arXvi:2212.08297},
    author = {Jaber, Eduardo Abi and Illand, Camille and {Shaun} and {Li}},
    month = {12},
    arxivId = {2212.08297}
}

@article{Bates1996JumpsOptions,
    title = {{Jumps and Stochastic Volatility: Exchange Rate Processes Implicit in Deutsche Mark Options}},
    year = {1996},
    journal = {The Review of Financial Studies},
    author = {Bates, David S},
    number = {1},
    pages = {69--107},
    volume = {9},
    publisher = {[Oxford University Press, Society for Financial Studies]},
    url = {http://www.jstor.org/stable/2962366},
    issn = {08939454, 14657368}
}

@article{Carrillo2003KineticEstimates,
    title = {{Kinetic equilibration rates for granular media and related equations: entropy dissipation and mass transportation estimates}},
    year = {2003},
    journal = {Revista Matematica Iberoamericana},
    author = {Carrillo, José A and McCann, Robert J and Villani, Cédric},
    number = {3},
    pages = {971--1018},
    volume = {19},
    publisher = {Departamento de Matem{\'{a}}ticas, Universidad Aut{\'{o}}noma de Madrid}
}

@article{Watkins1922KnightsProfit,
    title = {{Knight's Risk, Uncertainty and Profit}},
    year = {1922},
    journal = {The Quarterly Journal of Economics},
    author = {Watkins, George Pendleton and Knight, Frank H},
    number = {4},
    month = {8},
    pages = {682},
    volume = {36},
    doi = {10.2307/1884757},
    issn = {00335533}
}

@article{Geha2023LargeModel,
    title = {{Large and moderate deviations for importance sampling in the Heston model}},
    year = {2023},
    journal = {Annals of Operations Research},
    author = {Geha, Marc and Jacquier, Antoine and {\v{Z}}uri{\v{c}}, Žan},
    month = {6},
    doi = {10.1007/s10479-023-05424-0},
    issn = {0254-5330}
}

@article{Jacquier2022LargeSystems,
    title = {{Large and moderate deviations for stochastic Volterra systems}},
    year = {2022},
    journal = {Stochastic Processes and their Applications},
    author = {Jacquier, Antoine and Pannier, Alexandre},
    pages = {142--187},
    volume = {149},
    publisher = {Elsevier}
}

@book{Friz2015LargeFinance,
    title = {{Large Deviations and Asymptotic Methods in Finance}},
    year = {2015},
    author = {Friz, Peter and Gatheral, Jim and Gulisashvili, Archil and Jacquier, Antoine and Teichmann, Josef},
    editor = {Friz, Peter K. and Gatheral, Jim and Gulisashvili, Archil and Jacquier, Antoine and Teichmann, Josef},
    volume = {110},
    publisher = {Springer International Publishing},
    address = {Cham},
    isbn = {978-3-319-11604-4},
    doi = {10.1007/978-3-319-11605-1}
}

@article{Lynch1987LargeIncrements,
    title = {{Large Deviations for Processes with Independent Increments}},
    year = {1987},
    journal = {The Annals of Probability},
    author = {Lynch, James and Sethuraman, Jayaram},
    number = {2},
    pages = {610--627},
    volume = {15},
    publisher = {Institute of Mathematical Statistics},
    url = {http://www.jstor.org/stable/2244064},
    issn = {00911798}
}

@article{Donati-Martin2004LargeProcesses,
    title = {{Large deviations for squares of Bessel and Ornstein-Uhlenbeck processes}},
    year = {2004},
    journal = {Probability Theory and Related Fields},
    author = {Donati-Martin, Catherine and Rouault, Alain and Yor, Marc and Zani, Marguerite},
    number = {2},
    pages = {261--289},
    volume = {129}
}

@article{Gulisashvili2018LargeModels,
    title = {{Large deviations principle for Volterra type fractional stochastic volatility models}},
    year = {2018},
    journal = {SIAM Journal on Financial Mathematics},
    author = {Gulisashvili, Archil},
    number = {3},
    pages = {1102--1136},
    volume = {9},
    publisher = {SIAM}
}

@book{Dembo2010LargeApplications,
    title = {{Large deviations techniques and applications}},
    year = {2010},
    author = {Dembo, Amir and Zeitouni, Ofer},
    publisher = {Springer},
    doi = {10.1007/978-3-642-03311-7}
}

@article{Allen-Zhu2018LearningLayers,
    title = {{Learning and generalization in overparameterized neural networks, going beyond two layers}},
    year = {2018},
    journal = {arXiv:1811.04918},
    author = {Allen-Zhu, Zeyuan and Li, Yuanzhi and Liang, Yingyu}
}

@article{Rumelhart1986LearningErrors,
    title = {{Learning representations by back-propagating errors}},
    year = {1986},
    journal = {Nature},
    author = {Rumelhart, David and Hinton, Geoffrey and Williams, Ronald},
    number = {6088},
    month = {10},
    pages = {533--536},
    volume = {323},
    doi = {10.1038/323533a0},
    issn = {0028-0836}
}

@article{Vidales2020LearningNetworks,
    title = {{Learning Solutions to Path Dependent PDEs with Signatures and LSTM networks}},
    year = {2020},
    journal = {arXiv:2011.10630 },
    author = {Vidales, Marc Sabate and {\v{S}}i{\v{s}}ka, David and Szpruch, Łukasz}
}

@article{Liao2019LearningFeatures,
    title = {{Learning stochastic differential equations using RNN with log signature features}},
    year = {2019},
    journal = {arXiv:1908.08286},
    author = {Liao, Shujian and Lyons, Terry and Yang, Weixin and Ni, Hao}
}

@article{vanWieringen2015LectureRegression,
    title = {{Lecture notes on ridge regression}},
    year = {2015},
    author = {van Wieringen, Wessel N},
    month = {9},
    arxivId = {1509.09169},
    keywords = {stat.ME}
}

@book{Ladyzenskaja1968LinearType,
    title = {{Linear and quasi-linear equations of parabolic type}},
    year = {1968},
    author = {Ladyzenskaja, O A and Solonnikov, V A and Ural'ceva, N N},
    series = {Translations of Mathematical Monographs},
    publisher = {AMS}
}

@article{Ghorbani2019LinearizedDimension,
    title = {{Linearized two-layers neural networks in high dimension}},
    year = {2019},
    journal = {arXiv:1904.12191},
    author = {Ghorbani, Behrooz and Mei, Song and Misiakiewicz, Theodor and Montanari, Andrea}
}

@article{Guo2017LocalTransport,
    title = {{Local Volatility Calibration by Optimal Transport}},
    year = {2017},
    journal = {2017 MATRIX Annals, Vol. 2, 2019, 51-64},
    author = {Guo, Ivan and Loeper, Grégoire and Wang, Shiyi},
    month = {9},
    doi = {10.1007/978-3-030-04161-8},
    arxivId = {1709.08075},
    keywords = {q-fin.MF}
}

@article{Hochreiter1997LongMemory,
    title = {{Long Short-Term Memory}},
    year = {1997},
    journal = {Neural Computation},
    author = {Hochreiter, Sepp and Schmidhuber, Jürgen},
    number = {8},
    month = {11},
    pages = {1735--1780},
    volume = {9},
    publisher = {MIT Press - Journals},
    doi = {10.1162/neco.1997.9.8.1735}
}

@article{Grbac2021Long-TimeModels,
    title = {{Long-Time Trajectorial Large Deviations and Importance Sampling for Affine Stochastic Volatility Models}},
    year = {2021},
    journal = {Advances in Applied Probability},
    author = {Grbac, Zorana and Krief, David and Tankov, Peter},
    number = {1},
    month = {3},
    pages = {220--250},
    volume = {53},
    publisher = {Cambridge University Press (CUP)},
    doi = {10.1017/apr.2020.58}
}

@article{Briand2003LpEquations,
    title = {{Lp solutions of backward stochastic differential equations}},
    year = {2003},
    journal = {Stochastic Processes and their Applications},
    author = {Briand, Philippe and Delyon, Bernard and Hu, Ying and Pardoux, Etienne and Stoica, Lucretiu},
    number = {1},
    month = {11},
    pages = {109--129},
    volume = {108},
    publisher = {Elsevier BV},
    doi = {10.1016/s0304-4149(03)00089-9}
}

@article{Beck2017MachineEquations,
    title = {{Machine learning approximation algorithms for high-dimensional fully nonlinear partial differential equations and second-order backward stochastic differential equations}},
    year = {2017},
    journal = {arXiv:1709.05963},
    author = {Beck, Christian and E, Weinan and Jentzen, Arnulf},
    pages = {56 pages}
}

@book{Alos2021MalliavinFinance,
    title = {{Malliavin Calculus in Finance}},
    year = {2021},
    author = {Al{\`{o}}s, Elisa and Garc{\'{i}}a Lorite, David and Gatarek, Dariusz},
    month = {5},
    publisher = {Chapman and Hall/CRC},
    address = {First edition. | Boca Raton : Chapman {\&} Hall/CRC Press, 2021. | Series: Chapman and Hall/CRC financial mathematics series},
    isbn = {9781003018681},
    doi = {10.1201/9781003018681}
}

@article{Silver2016MasteringSearch,
    title = {{Mastering the game of Go with deep neural networks and tree search}},
    year = {2016},
    journal = {Nature},
    author = {Silver, David and Huang, Aja and Maddison, Chris J and Guez, Arthur and Sifre, Laurent and Van Den Driessche, George and Schrittwieser, Julian and Antonoglou, Ioannis and Panneershelvam, Veda and Lanctot, Marc and {et al.}},
    number = {7587},
    pages = {484},
    volume = {529},
    publisher = {Nature Publishing Group}
}

@book{Pontryagin2018MathematicalProcesses,
    title = {{Mathematical theory of optimal processes}},
    year = {2018},
    author = {Pontryagin, Lev Semenovich},
    publisher = {Routledge}
}

@article{Arbel2019MaximumFlow,
    title = {{Maximum Mean Discrepancy Gradient Flow}},
    year = {2019},
    journal = {arXiv:1906.04370},
    author = {Arbel, Michael and Korba, Anna and Salim, Adil and Gretton, Arthur}
}

@article{Hammersley2018McKeanVlasovConditions,
    title = {{McKean–Vlasov SDEs under Measure Dependent Lyapunov Conditions}},
    year = {2018},
    journal = {arXiv:1802.03974},
    author = {Hammersley, William and {\v{S}}i{\v{s}}ka, David and Szpruch, Lukas}
}

@article{Sirignano2018MeanNetworks,
    title = {{Mean field analysis of neural networks}},
    year = {2018},
    journal = {arXiv:1805.01053},
    author = {Sirignano, Justin and Spiliopoulos, Konstantinos}
}

@article{Lacker2015MeanEquilibria,
    title = {{Mean Field Games Via Controlled Martingale Problems: Existence of Markovian Equilibria}},
    year = {2015},
    journal = {Stochastic Processes and their Applications},
    author = {Lacker, Daniel}
}

@article{Casgrain2018Mean-fieldTrading,
    title = {{Mean-field games with differing beliefs for algorithmic trading}},
    year = {2018},
    journal = {arXiv:1810.06101},
    author = {Casgrain, Philippe and Jaimungal, Sebastian}
}

@article{Hu2019Mean-FieldNetworks,
    title = {{Mean-Field Langevin Dynamics and Energy Landscape of Neural Networks}},
    year = {2019},
    journal = {arXiv:1905.07769},
    author = {Hu, Kaitong and Ren, Zhenjie and {\v{S}}i{\v{s}}ka, David and Szpruch, Lukasz}
}

@article{Jabir2019Mean-FieldControl,
    title = {{Mean-Field Neural ODEs via Relaxed Optimal Control}},
    year = {2019},
    journal = {arXiv:1912.05475},
    author = {Jabir, Jean-François and {\v{S}}i{\v{s}}ka, David and Szpruch, Łukasz}
}

@article{Mei2019Mean-fieldLimit,
    title = {{Mean-field theory of two-layers neural networks: dimension-free bounds and kernel limit}},
    year = {2019},
    journal = {arXiv:1902.06015},
    author = {Mei, Song and Misiakiewicz, Theodor and Montanari, Andrea}
}

@book{Evans1992MeasureFunctions,
    title = {{Measure theory and fine properties of functions}},
    year = {1992},
    author = {Evans, Lawrence C},
    pages = {268},
    publisher = {CRC Press},
    isbn = {0849371570}
}

@book{Evans2015MeasureEdition,
    title = {{Measure Theory and Fine Properties of Functions, Revised Edition}},
    year = {2015},
    author = {Evans, Lawrence Craig and Gariepy, Ronald F},
    pages = {313},
    publisher = {Taylor {\&} Francis Group},
    isbn = {9780429161483}
}

@article{Gyongy1986MimickingDifferential,
    title = {{Mimicking the one-dimensional marginal distributions of processes having an It{\^{o}} differential}},
    year = {1986},
    journal = {Probability theory and related fields},
    author = {Gy{\"{o}}ngy, István},
    number = {4},
    pages = {501--516},
    volume = {71},
    publisher = {Springer}
}

@inproceedings{Li2017MMDNetwork,
    title = {{MMD GAN: Towards Deeper Understanding of Moment Matching Network}},
    year = {2017},
    booktitle = {Advances in Neural Information Processing Systems},
    author = {Li, Chun-Liang and Chang, Wei-Cheng and Cheng, Yu and Yang, Yiming and P{\'{o}}czos, Barnabás},
    publisher = {Curran Associates},
    arxivId = {1705.08584}
}

@article{Hernandez2016ModelNetworks,
    title = {{Model Calibration with Neural Networks}},
    year = {2016},
    journal = {Risk},
    author = {Hernandez, Andres},
    doi = {10.2139/ssrn.2812140},
    issn = {1556-5068}
}

@article{Beiglbock2013Model-independentApproach,
    title = {{Model-independent bounds for option prices—a mass transport approach}},
    year = {2013},
    journal = {Finance and Stochastics},
    author = {Beiglb{\"{o}}ck, Mathias and Henry-Labord{\`{e}}re, Pierre and Penkner, Friedrich},
    number = {3},
    month = {7},
    pages = {477--501},
    volume = {17},
    doi = {10.1007/s00780-013-0205-8},
    issn = {0949-2984}
}

@article{Piryatinska2005ModelsCase,
    title = {{Models of anomalous diffusion: the subdiffusive case}},
    year = {2005},
    journal = {Physica A: Statistical Mechanics and its Applications},
    author = {Piryatinska, Alexandra and Saichev, Alexander Ivanovich and Woyczynski, Wojbor Andrzej},
    number = {3-4},
    month = {4},
    pages = {375--420},
    volume = {349},
    doi = {10.1016/j.physa.2004.11.003},
    issn = {03784371}
}

@article{Morse2017ModerateDiffusions,
    title = {{Moderate deviations for systems of slow-fast diffusions}},
    year = {2017},
    journal = {Asymptotic Analysis},
    author = {Morse, Matthew R and Spiliopoulos, Konstantinos},
    pages = {97--135},
    volume = {105},
    publisher = {IOS Press},
    doi = {10.3233/ASY-171434},
    issn = {18758576, 09217134}
}

@article{Dupuis2017ModerateEquations,
    title = {{Moderate deviations-based importance sampling for stochastic recursive equations}},
    year = {2017},
    journal = {Advances in Applied Probability},
    author = {Dupuis, Paul and Johnson, Dane},
    number = {4},
    pages = {981--1010},
    volume = {49}
}

@book{Glasserman2013MonteEngineering,
    title = {{Monte Carlo methods in financial engineering}},
    year = {2013},
    author = {Glasserman, Paul},
    volume = {53},
    publisher = {Springer Science {\&} Business Media}
}

@book{Binder2012MontePhysics,
    title = {{Monte Carlo methods in statistical physics}},
    year = {2012},
    author = {Binder, Kurt and Ceperley, David M and Hansen, J-P and Kalos, M H and Landau, D P and Levesque, D and Mueller-Krumbhaar, H and Stauffer, D and Weis, J-J},
    volume = {7},
    publisher = {Springer Science {\&} Business Media}
}

@article{Jaber2018Multi-factorModels,
    title = {{Multi-factor approximation of rough volatility models}},
    year = {2018},
    journal = {SIAM Journal of Financial Mathematics},
    author = {Jaber, Eduardo Abi and Euch, Omar El},
    number = {2},
    pages = {309--349},
    volume = {10}
}

@article{Majka2023Multi-indexAlgorithm,
    title = {{Multi-index antithetic stochastic gradient algorithm}},
    year = {2023},
    journal = {Statistics and Computing},
    author = {Majka, Mateusz B. and Sabate-Vidales, Marc and Szpruch, Łukasz},
    number = {2},
    month = {4},
    pages = {49},
    volume = {33},
    url = {https://link.springer.com/10.1007/s11222-023-10220-8},
    doi = {10.1007/s11222-023-10220-8},
    issn = {0960-3174}
}

@article{Giles2019Multi-levelEquations,
    title = {{Multi-level Monte Carlo methods for the approximation of invariant measures of stochastic differential equations}},
    year = {2019},
    journal = {Statistics and Computing},
    author = {Giles, Michael B and Majka, Mateusz B and Szpruch, Lukasz and Vollmer, Sebastian J and Zygalakis, Konstantinos C},
    pages = {1--18},
    publisher = {Springer}
}

@article{Hornik1989MultilayerApproximators,
    title = {{Multilayer feedforward networks are universal approximators}},
    year = {1989},
    journal = {Neural Networks},
    author = {Hornik, Kurt and Stinchcombe, Maxwell and White, Halbert},
    number = {5},
    pages = {359--366},
    volume = {2},
    publisher = {Elsevier}
}

@article{Hestenes1969MultiplierMethods,
    title = {{Multiplier and gradient methods}},
    year = {1969},
    journal = {Journal of Optimization Theory and Applications},
    author = {Hestenes, Magnus R},
    number = {5},
    pages = {303--320},
    volume = {4},
    publisher = {Springer}
}

@book{Fouque2009MultiscaleDerivatives,
    title = {{Multiscale Stochastic Volatility for Equity, Interest Rate, and Credit Derivatives}},
    year = {2009},
    author = {Fouque, Jean-Pierre and Papanicolaou, George and Sircar, Ronnie and Solna, Knut},
    publisher = {Cambridge University Press},
    doi = {10.1017/cbo9781139020534}
}

@article{Guyon2022NeuralCalibration,
    title = {{Neural Joint S{\&}P 500/VIX Smile Calibration}},
    year = {2022},
    journal = {SSRN Electronic Journal},
    author = {Guyon, Julien and Mustapha, Scander},
    doi = {10.2139/ssrn.4309576},
    issn = {1556-5068}
}

@article{Barron1992NeuralSystems,
    title = {{Neural net approximation, in ``Yale Workshop on Adaptive and Learning Systems''}},
    year = {1992},
    journal = {Yale University},
    author = {Barron, Andrew R}
}

@article{Rotskoff2018NeuralError,
    title = {{Neural networks as interacting particle systems: Asymptotic convexity of the loss landscape and universal scaling of the approximation error}},
    year = {2018},
    journal = {arXiv:1805.00915},
    author = {Rotskoff, Grant M and Vanden-Eijnden, Eric}
}

@article{Ruf2020NeuralReview,
    title = {{Neural networks for option pricing and hedging: a literature review}},
    year = {2020},
    journal = {The Journal of Computational Finance},
    author = {Ruf, Johannes and Wang, Weiguan},
    publisher = {Infopro Digital Services Limited},
    doi = {10.21314/jcf.2020.390}
}

@article{Germain2021NeuralFinance,
    title = {{Neural networks-based algorithms for stochastic control and PDEs in finance}},
    year = {2021},
    journal = {arXiv:2101.08068},
    author = {Germain, Maximilien and Pham, Huyên and Warin, Xavier},
    month = {1},
    arxivId = {2101.08068},
    keywords = {math.OC, q-fin.CP}
}

@inproceedings{Chen2018NeuralEquations,
    title = {{Neural ordinary differential equations}},
    year = {2018},
    booktitle = {Advances in Neural Information Processing Systems},
    author = {Chen, Tian Qi and Rubanova, Yulia and Bettencourt, Jesse and Duvenaud, David K},
    pages = {6571--6583}
}

@article{Tzen2019NeuralLimit,
    title = {{Neural Stochastic Differential Equations: Deep Latent Gaussian Models in the Diffusion Limit}},
    year = {2019},
    journal = {arXiv:1905.09883},
    author = {Tzen, Belinda and Raginsky, Maxim}
}

@article{AlRachid2019NewSDEs,
    title = {{New particle representations for ergodic McKean-Vlasov SDEs}},
    year = {2019},
    journal = {ESAIM: Proceedings and Surveys},
    author = {AlRachid, Houssam and Bossy, Mireille and Ricci, Cristiano and Szpruch, Lukasz},
    pages = {68--83},
    volume = {65},
    publisher = {EDP Sciences}
}

@article{Allinger1981NewFiltering,
    title = {{New Results on the Innovations Problem for Non-Linear Filtering}},
    year = {1981},
    journal = {Stochastics, 4:4, 339-348},
    author = {Allinger, Deborah F and Mitter, Sanjoy K}
}

@article{Majka2018Non-asymptoticLog-concavity,
    title = {{Non-asymptotic bounds for sampling algorithms without log-concavity}},
    year = {2018},
    journal = {arXiv:1808.07105},
    author = {Majka, Mateusz B and Mijatovi{\'{c}}, Aleksandar and Szpruch, Lukasz}
}

@article{Barndorff-Nielsen2001Non-GaussianEconomics,
    title = {{Non-Gaussian Ornstein–Uhlenbeck-based Models and Some of Their Uses in Financial Economics}},
    year = {2001},
    journal = {Journal of the Royal Statistical Society Series B: Statistical Methodology},
    author = {Barndorff-Nielsen, Ole E and Shephard, Neil},
    number = {2},
    month = {7},
    pages = {167--241},
    volume = {63},
    doi = {10.1111/1467-9868.00282},
    issn = {1369-7412}
}

@article{Schmidt-Hieber2017NonparametricFunction,
    title = {{Nonparametric regression using deep neural networks with ReLU activation function}},
    year = {2017},
    journal = {arXiv:1708.06633},
    author = {Schmidt-Hieber, Johannes}
}

@article{Hutzenthaler2015NumericalCoefficients,
    title = {{Numerical approximations of stochastic differential equations with non-globally Lipschitz continuous coefficients}},
    year = {2015},
    journal = {Memoirs of the American Mathematical Society},
    author = {Hutzenthaler, Martin and Jentzen, Arnulf},
    volume = {236},
    keywords = {60H35, math.NA, math.PR}
}

@article{Isserlis1918OnVariables,
    title = {{On a Formula for the Product-Moment Coefficient of any Order of a Normal Frequency Distribution in any Number of Variables}},
    year = {1918},
    journal = {Biometrika},
    author = {Isserlis, Leon},
    number = {1/2},
    month = {11},
    pages = {134},
    volume = {12},
    doi = {10.2307/2331932},
    issn = {00063444}
}

@article{Bayer2019OnModels,
    title = {{On deep calibration of (rough) stochastic volatility models}},
    year = {2019},
    journal = {arXiv:1908.08806},
    author = {Bayer, Christian and Horvath, Blanka and Muguruza, Aitor and Stemper, Benjamin and Tomas, Mehdi},
    keywords = {60G15, 60G22, 91B25, 91G20, 91G60, q-fin.MF}
}

@incollection{Krylov1999OnDiffusions,
    title = {{On Kolmogorov's equations for finite dimensional diffusions}},
    year = {1999},
    booktitle = {Stochastic PDE's and Kolmogorov Equations in Infinite Dimensions},
    author = {Krylov, Nicolai V},
    pages = {1--63},
    publisher = {Springer}
}

@article{Chiarini2014OnProcesses,
    title = {{On large deviations for small-noise It{\^{o}} processes}},
    year = {2014},
    journal = {Advances in Applied Probability},
    author = {Chiarini, Alberto and Fischer, Markus},
    number = {4},
    month = {12},
    pages = {1126--1147},
    volume = {46},
    publisher = {Cambridge University Press (CUP)},
    doi = {10.1239/aap/1418396246}
}

@article{Kiefer1961OnLogarithm,
    title = {{On large deviations of the empiric d. f. of vector chance variables and a law of the iterated logarithm}},
    year = {1961},
    journal = {Pacific Journal of Mathematics},
    author = {Kiefer, Jack Carl},
    number = {2},
    month = {12},
    volume = {11}
}

@incollection{Conforti2015OnModels,
    title = {{On small-noise equations with degenerate limiting system arising from volatility models}},
    year = {2015},
    booktitle = {Large Deviations and Asymptotic Methods in Finance},
    author = {Conforti, Giovanni and De Marco, Stefano and Deuschel, Jean-Dominique},
    pages = {473--505},
    publisher = {Springer}
}

@article{Villarroel2003OnEquations,
    title = {{On solutions to Ito stochastic differential equations}},
    year = {2003},
    journal = {Journal of Computational and Applied Mathematics},
    author = {Villarroel, Javier},
    number = {1},
    pages = {225--231},
    volume = {158},
    publisher = {Elsevier}
}

@article{Becker1969OnControls,
    title = {{On the Existence of Optimal Random Controls}},
    year = {1969},
    journal = {Journal of Mathematics and Mechanics},
    author = {Becker, H and Mandrekar, V}
}

@article{Fleming1968OnControls,
    title = {{On the existence of optimal stochastic controls}},
    year = {1968},
    journal = {Matematika},
    author = {Fleming, W H and Nisio, M}
}

@inproceedings{Chizat2018OnTransport,
    title = {{On the global convergence of gradient descent for over-parameterized models using optimal transport}},
    year = {2018},
    booktitle = {Advances in neural information processing systems},
    author = {Chizat, Lenaic and Bach, Francis},
    pages = {3040--3050}
}

@inproceedings{Guyon2017OnOptions,
    title = {{On the Joint Calibration of SPX and VIX Options}},
    year = {2017},
    booktitle = {Jim Gatheral’s 60th Birthday Conference},
    author = {Guyon, Julien},
    month = {10}
}

@article{Gassiat2019OnModel,
    title = {{On the martingale property in the rough Bergomi model}},
    year = {2019},
    journal = {Electronic Communications in Probability},
    author = {Gassiat, Paul},
    number = {none},
    month = {1},
    volume = {24},
    doi = {10.1214/19-ECP239},
    issn = {1083-589X}
}

@article{Merton1974OnRates,
    title = {{On the Pricing of Corporate Debt: The Risk Structure of Interest Rates}},
    year = {1974},
    journal = {The Journal of Finance},
    author = {Merton, Robert C.},
    number = {2},
    month = {5},
    pages = {449--470},
    volume = {29},
    doi = {10.1111/j.1540-6261.1974.tb03058.x},
    issn = {00221082}
}

@article{Arnold2009OnVariables,
    title = {{On the representation of functions of several variables as a superposition of functions of a smaller number of variables}},
    year = {2009},
    journal = {Collected Works: Representations of Functions, Celestial Mechanics and KAM Theory, 1957–1965},
    author = {Arnold, Vladimir I},
    pages = {25--46},
    publisher = {Springer}
}

@article{DelMoral2017OnFilters,
    title = {{On the Stability and the Uniform Propagation of Chaos of a Class of Extended Ensemble Kalman–Bucy Filters}},
    year = {2017},
    journal = {SIAM Journal on Control and Optimization},
    author = {Del Moral, Pierre and Kurtzmann, Aline and Tugaut, Julian},
    number = {1},
    pages = {119--155},
    volume = {55},
    publisher = {SIAM}
}

@article{Chatterji2018OnCarlo,
    title = {{On the theory of variance reduction for stochastic gradient Monte Carlo}},
    year = {2018},
    journal = {arXiv:1802.05431},
    author = {Chatterji, Niladri S and Flammarion, Nicolas and Ma, Yi-An and Bartlett, Peter L and Jordan, Michael I}
}

@article{Yamada1971OnEquations,
    title = {{On the uniqueness of solutions of stochastic differential equations}},
    year = {1971},
    journal = {Kyoto Journal of Mathematics},
    author = {Yamada, Toshio and Watanabe, Shinzo},
    number = {1},
    month = {1},
    volume = {11},
    publisher = {Duke University Press},
    doi = {10.1215/kjm/1250523691}
}

@article{Toshio1971OnEquations,
    title = {{On the uniqueness of solutions of stochastic differential equations}},
    year = {1971},
    journal = {J. Math. Kyoto Univ.},
    author = {Toshio, Yamada and Shinzo, Watanabe},
    number = {1},
    pages = {155--167},
    volume = {11},
    publisher = {Duke University Press},
    url = {https://doi.org/10.1215/kjm/1250523691},
    doi = {10.1215/kjm/1250523691}
}

@article{Jacquier2018OnModel,
    title = {{On VIX futures in the rough Bergomi model}},
    year = {2018},
    journal = {Quantitative Finance},
    author = {Jacquier, Antoine and Martini, Claude and Muguruza, Aitor},
    number = {1},
    month = {1},
    pages = {45--61},
    volume = {18},
    doi = {10.1080/14697688.2017.1353127},
    issn = {1469-7688}
}

@article{Guasoni2007OptimalTime,
    title = {{Optimal importance sampling with explicit formulas in continuous time}},
    year = {2007},
    journal = {Finance and Stochastics},
    author = {Guasoni, Paolo and Robertson, Scott},
    number = {1},
    month = {9},
    pages = {1--19},
    volume = {12},
    publisher = {Springer Science and Business Media LLC},
    doi = {10.1007/s00780-007-0053-5}
}

@article{Herrera2021OptimalNetworks,
    title = {{Optimal Stopping via Randomized Neural Networks}},
    year = {2021},
    journal = {arXiv:2104.13669},
    author = {Herrera, Calypso and Krach, Florian and Ruyssen, Pierre and Teichmann, Josef},
    month = {4},
    arxivId = {2104.13669},
    keywords = {cs.LG, cs.NA, math.NA, math.PR, q-fin.CP, stat.ML}
}

@article{Tan2013OptimalDynamics,
    title = {{Optimal transportation under controlled stochastic dynamics}},
    year = {2013},
    journal = {Annals of Probability},
    author = {Tan, Xiaolu and Touzi, Nizar},
    number = {5},
    month = {3},
    pages = {3201--3240},
    volume = {41},
    publisher = {The Institute of Mathematical Statistics},
    url = {https://doi.org/10.1214/12-AOP797},
    doi = {10.1214/12-AOP797}
}

@article{Kou2004OptionModel,
    title = {{Option Pricing under a Double Exponential Jump Diffusion Model}},
    year = {2004},
    journal = {Management Science},
    author = {Kou, S G and Wang, Hui},
    number = {9},
    pages = {1178--1192},
    volume = {50},
    publisher = {INFORMS},
    url = {http://www.jstor.org/stable/30046226},
    issn = {00251909, 15265501}
}

@article{Carr1999OptionTransform,
    title = {{Option valuation using the fast Fourier transform}},
    year = {1999},
    journal = {The Journal of Computational Finance},
    author = {Carr, Peter and Madan, Dilip},
    number = {4},
    pages = {61--73},
    volume = {2},
    doi = {10.21314/JCF.1999.043},
    issn = {14601559}
}

@article{Guo2021PathDerivatives,
    title = {{Path dependent optimal transport and model calibration on exotic derivatives}},
    year = {2021},
    journal = {The Annals of Applied Probability},
    author = {Guo, Ivan and Loeper, Grégoire},
    number = {3},
    month = {6},
    volume = {31},
    url = {https://projecteuclid.org/journals/annals-of-applied-probability/volume-31/issue-3/Path-dependent-optimal-transport-and-model-calibration-on-exotic-derivatives/10.1214/20-AAP1617.full},
    doi = {10.1214/20-AAP1617},
    issn = {1050-5164},
    keywords = {math.OC, math.PR, q-fin.MF}
}

@article{Saporito2021Path-DependentEquations,
    title = {{Path-Dependent Deep Galerkin Method: A Neural Network Approach to Solve Path-Dependent Partial Differential Equations}},
    year = {2021},
    journal = {SIAM Journal on Financial Mathematics},
    author = {Saporito, Yuri F and Zhang, Zhaoyu},
    number = {3},
    month = {1},
    pages = {912--940},
    volume = {12},
    publisher = {Society for Industrial {\&} Applied Mathematics (SIAM)},
    doi = {10.1137/20m1329597}
}

@article{Jacquier2018PathwiseModel,
    title = {{Pathwise large deviations for the rough Bergomi model}},
    year = {2018},
    journal = {Journal of Applied Probability},
    author = {Jacquier, Antoine and Pakkanen, Mikko S and Stone, Henry},
    number = {4},
    pages = {1078--1092},
    volume = {55},
    publisher = {Cambridge University Press}
}

@article{Gerhold2021PathwiseCorrigendum,
    title = {{Pathwise large deviations for the rough Bergomi model: Corrigendum}},
    year = {2021},
    journal = {Journal of Applied Probability},
    author = {Gerhold, Stefan and Jacquier, Antoine and Pakkanen, Mikko and Stone, Henry and Wagenhofer, Thomas},
    number = {3},
    pages = {849--850},
    volume = {58},
    publisher = {Cambridge University Press}
}

@article{Jacquier2019PathwisePricing,
    title = {{Pathwise moderate deviations for option pricing}},
    year = {2019},
    journal = {Mathematical Finance},
    author = {Jacquier, Antoine and Spiliopoulos, Konstantinos},
    number = {2},
    month = {11},
    pages = {426--463},
    volume = {30},
    publisher = {Wiley},
    doi = {10.1111/mafi.12228}
}

@article{Karatzas2019PathwiseCalculus,
    title = {{Pathwise Otto Calculus}},
    year = {2019},
    journal = {arXiv:1811.08686},
    author = {Karatzas, Ioannis and Schachermayer, Walter and Tschiderer, Bertram}
}

@phdthesis{Sardroudi-Khosrawi2019PolynomialCalibration,
    title = {{Polynomial semimartingales and a deep learning approach to local stochastic volatility calibration}},
    year = {2019},
    author = {Sardroudi-Khosrawi, Wahid},
    publisher = {Albert-Ludwigs-Universit{\"{a}}t Freiburg},
    school = {Albert-Ludwigs-Universit{\"{a}}t Freiburg im Breisgau},
    doi = {10.6094/UNIFR/150904},
    keywords = {500},
    language = {eng}
}

@article{Bayer2022PricingSPDEs,
    title = {{Pricing Options under Rough Volatility with Backward SPDEs}},
    year = {2022},
    journal = {SIAM Journal on Financial Mathematics},
    author = {Bayer, Christian and Qiu, Jinniao and Yao, Yao},
    number = {1},
    month = {2},
    pages = {179--212},
    volume = {13},
    publisher = {Society for Industrial {\&} Applied Mathematics (SIAM)},
    doi = {10.1137/20m1357639}
}

@article{Bayer2015PricingVolatility,
    title = {{Pricing under rough volatility}},
    year = {2015},
    journal = {Quantitative Finance},
    author = {Bayer, Christian and Friz, Peter and Gatheral, Jim},
    number = {6},
    month = {11},
    pages = {887--904},
    volume = {16},
    publisher = {Informa UK Limited},
    doi = {10.1080/14697688.2015.1099717}
}

@article{Dupire1994PricingSmile,
    title = {{Pricing with a Smile}},
    year = {1994},
    journal = {Risk Magazine},
    author = {Dupire, Bruno},
    pages = {18--20},
    volume = {7}
}

@book{Carmona2018ProbabilisticII,
    title = {{Probabilistic Theory of Mean Field Games with Applications II}},
    year = {2018},
    author = {Carmona, R and Delarue, F},
    volume = {83-84},
    publisher = {Springer International Publishing}
}

@book{Meyer1966ProbabilityPotentials,
    title = {{Probability and Potentials}},
    year = {1966},
    author = {Meyer, Paul A},
    publisher = {Blaisdell Publishing Company}
}

@book{Klenke2014ProbabilityTheory,
    title = {{Probability Theory}},
    year = {2014},
    author = {Klenke, Achim},
    publisher = {Springer London},
    doi = {10.1007/978-1-4471-5361-0}
}

@inproceedings{Paszke2019PyTorch:Library,
    title = {{PyTorch: An imperative style, high-performance deep learning library}},
    year = {2019},
    booktitle = {Advances in Neural Information Processing Systems},
    author = {Paszke, Adam and Gross, Sam and Massa, Francisco and Lerer, Adam and Bradbury, James and Chanan, Gregory and Killeen, Trevor and Lin, Zeming and Gimelshein, Natalia and Antiga, Luca and {et al.}},
    pages = {8024--8035}
}

@article{Eberle2018QuantitativeProcesses,
    title = {{Quantitative Harris-type theorems for diffusions and Mckean–Vlasov processes}},
    year = {2018},
    journal = {Transactions of the American Mathematical Society},
    author = {Eberle, Andreas and Guillin, Arnaud and Zimmer, Raphael}
}

@article{Gonon2021RandomDimensionality,
    title = {{Random feature neural networks learn Black-Scholes type PDEs without curse of dimensionality}},
    year = {2021},
    journal = {arXiv:2106.08900},
    author = {Gonon, Lukas},
    month = {6},
    arxivId = {2106.08900},
    keywords = {cs.LG, math.PR, q-fin.MF, stat.ML}
}

@article{Rahimi2007RandomMachines,
    title = {{Random Features for Large-Scale Kernel Machines}},
    year = {2007},
    journal = {Advances in Neural Information Processing Systems},
    author = {Rahimi, Ali and Recht, Benjamin},
    editor = {Platt, J and Koller, D and Singer, Y and Roweis, S},
    volume = {20},
    publisher = {Curran Associates, Inc.},
    url = {https://proceedings.neurips.cc/paper/2007/file/013a006f03dbc5392effeb8f18fda755-Paper.pdf}
}

@book{Flandoli2011RandomXL2010,
    title = {{Random Perturbation of PDEs and Fluid Dynamic Models: {\'{E}}cole d'{\'{e}}t{\'{e}} de Probabilit{\'{e}}s de Saint-Flour XL–2010}},
    year = {2011},
    author = {Flandoli, Franco},
    volume = {2015},
    publisher = {Springer Science {\&} Business Media}
}

@book{Freidlin2012RandomSystems,
    title = {{Random perturbations of dynamical systems}},
    year = {2012},
    author = {Freidlin, Mark I and Wentzell, Alexander D},
    publisher = {Springer},
    doi = {10.1007/978-3-642-25847-3}
}

@book{Manly2018RandomizationBiology,
    title = {{Randomization, bootstrap and Monte Carlo methods in biology}},
    year = {2018},
    author = {Manly, Bryan F J},
    publisher = {Chapman and Hall}
}

@article{Bossy2002RateInterval,
    title = {{Rate of convergeance of a particle method for the solution of a 1d viscous scalar conservation law in a bounded interval}},
    year = {2002},
    journal = {The Annals of Probability},
    author = {Bossy, Mireille and Jourdain, Benjamin},
    number = {4},
    pages = {1797--1832},
    volume = {30},
    publisher = {Institute of Mathematical Statistics}
}

@book{Folland1984RealAnalysis,
    title = {{Real analysis}},
    year = {1984},
    author = {Folland, Gerald B},
    pages = {350},
    publisher = {Wiley},
    isbn = {0471809586}
}

@book{Folland2013RealApplications,
    title = {{Real Analysis Vol. 1 Modern Techniques and Their Applications}},
    year = {2013},
    author = {Folland, Gerald B},
    pages = {416},
    publisher = {Wiley {\&} Sons, Incorporated, John},
    isbn = {9781118626399}
}

@book{Rudin1986RealAnalysis,
    title = {{Real and Complex Analysis}},
    year = {1986},
    author = {Rudin, Walter},
    edition = {3},
    publisher = {McGraw-Hill}
}

@article{Gu2018RecentNetworks,
    title = {{Recent advances in convolutional neural networks}},
    year = {2018},
    journal = {Pattern Recognition},
    author = {Gu, Jiuxiang and Wang, Zhenhua and Kuen, Jason and Ma, Lianyang and Shahroudy, Amir and Shuai, Bing and Liu, Ting and Wang, Xingxing and Wang, Gang and Cai, Jianfei and Chen, Tsuhan},
    month = {5},
    pages = {354--377},
    volume = {77},
    doi = {10.1016/j.patcog.2017.10.013},
    issn = {00313203}
}

@article{Belkin2019ReconcilingTrade-off,
    title = {{Reconciling modern machine learning and the bias-variance trade-off}},
    year = {2019},
    journal = {The Proceedings of the National Academy of Sciences},
    author = {Belkin, Mikhail and Hsu, Daniel and Ma, Siyuan and Mandal, Soumik},
    volume = {116 (32)}
}

@article{Reisinger2020RectifiedSystems,
    title = {{Rectified deep neural networks overcome the curse of dimensionality for nonsmooth value functions in zero-sum games of nonlinear stiff systems}},
    year = {2020},
    journal = {Analysis and Applications},
    author = {Reisinger, Christoph and Zhang, Yufei},
    number = {06},
    month = {7},
    pages = {951--999},
    volume = {18},
    publisher = {World Scientific Pub Co Pte Lt},
    doi = {10.1142/s0219530520500116}
}

@article{Goutte2017Regime-switchingOptions,
    title = {{Regime-switching stochastic volatility model: estimation and calibration to VIX options}},
    year = {2017},
    journal = {Applied Mathematical Finance},
    author = {Goutte, Stéphane and Ismail, Amine and Pham, Huyên},
    number = {1},
    month = {1},
    pages = {38--75},
    volume = {24},
    publisher = {Informa UK Limited},
    doi = {10.1080/1350486x.2017.1333015}
}

@article{Dale2021ReservoirTopology,
    title = {{Reservoir computing quality: connectivity and topology}},
    year = {2021},
    journal = {Natural Computing},
    author = {Dale, Matthew and O’Keefe, Simon and Sebald, Angelika and Stepney, Susan and Trefzer, Martin A.},
    number = {2},
    month = {6},
    pages = {205--216},
    volume = {20},
    doi = {10.1007/s11047-020-09823-1},
    issn = {1567-7818}
}

@article{Delarue2018RestoringEquilibria,
    title = {{Restoring uniqueness to mean-field games by randomizing the equilibria}},
    year = {2018},
    journal = {Stochastics and Partial Differential Equations: Analysis and Computations},
    author = {Delarue, Francois},
    pages = {1--81},
    publisher = {Springer}
}

@article{Hoerl1970RidgeProblems,
    title = {{Ridge Regression: Biased Estimation for Nonorthogonal Problems}},
    year = {1970},
    journal = {Technometrics},
    author = {Hoerl, Arthur E and Kennard, Robert W},
    number = {1},
    month = {2},
    pages = {55--67},
    volume = {12},
    publisher = {Informa UK Limited},
    doi = {10.1080/00401706.1970.10488634}
}

@article{Derman1994RidingSmile,
    title = {{Riding on a Smile}},
    year = {1994},
    journal = {Risk Magazine},
    author = {Derman, Emanuel and Kani, Iraj},
    number = {1},
    pages = {32--39},
    volume = {7}
}

@book{Beard1984RiskInsurance,
    title = {{Risk Theory: The Stochastic Basis of Insurance}},
    year = {1984},
    author = {Beard, R E and Pentikainen, T and Pesonen, E},
    publisher = {Chapman and Hall}
}

@article{Cox2011RobustOptions,
    title = {{Robust hedging of double touch barrier options}},
    year = {2011},
    journal = {SIAM Journal on Financial Mathematics},
    author = {Cox, Alexander M G and Obloj, Jan},
    number = {1},
    pages = {141--182},
    volume = {2},
    publisher = {SIAM}
}

@article{Hobson1998RobustOption,
    title = {{Robust hedging of the lookback option}},
    year = {1998},
    journal = {Finance and Stochastics},
    author = {Hobson, David G},
    number = {4},
    pages = {329--347},
    volume = {2},
    publisher = {Springer}
}

@article{Eckstein2019RobustNumerics,
    title = {{Robust pricing and hedging of options on multiple assets and its numerics}},
    year = {2019},
    journal = {arXiv:1909.03870},
    author = {Eckstein, Stephan and Guo, Gaoyue and Lim, Tongseok and Obloj, Jan}
}

@article{Gierjatowicz2023RobustEquations,
    title = {{Robust pricing and hedging via neural stochastic differential equations}},
    year = {2023},
    journal = {Journal of Computational Finance},
    author = {Gierjatowicz, Patrick and Sabate-Vidales, Marc and {\v{S}}i{\v{s}}ka, David and Szpruch, Łukasz and {\v{Z}}uri{\v{c}}, Žan},
    doi = {10.21314/JCF.2022.025},
    issn = {14601559}
}

@article{Nadtochiy2017RobustSkew,
    title = {{Robust Trading of Implied Skew}},
    year = {2017},
    journal = {International Journal of Theoretical and Applied Finance},
    author = {Nadtochiy, Sergey and Ob{\l}{\'{o}}j, Jan},
    number = {02},
    month = {3},
    pages = {1750008},
    volume = {20},
    doi = {10.1142/S021902491750008X},
    issn = {0219-0249}
}

@article{Jacquier2021RoughOptions,
    title = {{Rough multifactor volatility for SPX and VIX options}},
    year = {2021},
    journal = {arXiv:2112.14310},
    author = {Jacquier, Antoine and Muguruza, Aitor and Pannier, Alexandre},
    month = {12},
    arxivId = {2112.14310}
}

@article{Bonesini2023RoughConvergence,
    title = {{Rough volatility, path-dependent PDEs and weak rates of convergence}},
    year = {2023},
    journal = {arXiv:2304.03042},
    author = {Bonesini, Ofelia and Jacquier, Antoine and Pannier, Alexandre},
    month = {4},
    arxivId = {2304.03042}
}

@article{Livieri2018RoughPrices,
    title = {{Rough volatility: Evidence from option prices}},
    year = {2018},
    journal = {IISE Transactions},
    author = {Livieri, Giulia and Mouti, Saad and Pallavicini, Andrea and Rosenbaum, Mathieu},
    number = {9},
    month = {9},
    pages = {767--776},
    volume = {50},
    doi = {10.1080/24725854.2018.1444297},
    issn = {2472-5854}
}

@article{Robertson2010SampleModels,
    title = {{Sample path Large Deviations and optimal importance sampling for stochastic volatility models}},
    year = {2010},
    journal = {Stochastic Processes and their Applications},
    author = {Robertson, Scott},
    number = {1},
    month = {1},
    pages = {66--83},
    volume = {120},
    publisher = {Elsevier BV},
    doi = {10.1016/j.spa.2009.10.010}
}

@article{Anker2017SDEPDEs,
    title = {{SDE Based Regression for Linear Random PDEs}},
    year = {2017},
    journal = {SIAM Journal on Scientific Computing},
    author = {Anker, Felix and Bayer, Christian and Eigel, Martin and Ladkau, Marcel and Neumann, Johannes and Schoenmakers, John},
    number = {3},
    month = {1},
    pages = {A1168–A1200},
    volume = {39},
    publisher = {Society for Industrial {\&} Applied Mathematics (SIAM)},
    doi = {10.1137/16m1060637}
}

@article{Acciaio2020ShortFutures,
    title = {{Short Communication: Inversion of Convex Ordering: Local Volatility Does Not Maximize the Price of VIX Futures}},
    year = {2020},
    journal = {SIAM Journal on Financial Mathematics},
    author = {Acciaio, Beatrice and Guyon, Julien},
    number = {1},
    month = {1},
    pages = {SC1-SC13},
    volume = {11},
    doi = {10.1137/19M129303X},
    issn = {1945-497X}
}

@article{Bayer2018Short-timeModels,
    title = {{Short-time near-the-money skew in rough fractional volatility models}},
    year = {2018},
    journal = {Quantitative Finance},
    author = {Bayer, Christian and Friz, Peter and Gulisashvili, Archil and Horvath, Blanka and Stemper, Benjamin},
    number = {5},
    month = {11},
    pages = {779--798},
    volume = {19},
    publisher = {Informa UK Limited},
    doi = {10.1080/14697688.2018.1529420}
}

@inproceedings{daSilva2020SingularityMotion,
    title = {{Singularity of generalized grey Brownian motion and time-changed Brownian motion}},
    year = {2020},
    booktitle = {AIP Conference Proceedings},
    author = {da Silva, José Luís and Erraoui, Mohamed},
    pages = {020002},
    doi = {10.1063/5.0029913}
}

@article{daSilva2018SingularityParameters,
    title = {{Singularity of generalized grey Brownian motions with different parameters}},
    year = {2018},
    journal = {Stochastic Analysis and Applications},
    author = {da Silva, José Luís and Erraoui, Mohamed},
    number = {4},
    month = {11},
    pages = {726--732},
    volume = {36},
    doi = {10.1080/07362994.2018.1452153},
    arxivId = {1611.02495}
}

@article{Bergomi2005SmileII,
    title = {{Smile dynamics II}},
    year = {2005},
    journal = {Risk Magazine},
    author = {Bergomi, L},
    month = {10}
}

@article{Pacati2018SmilingModel,
    title = {{Smiling twice: The Heston++ model}},
    year = {2018},
    journal = {Journal of Banking {\&} Finance},
    author = {Pacati, Claudio and Pompa, Gabriele and Ren{\`{o}}, Roberto},
    pages = {185--206},
    volume = {96},
    publisher = {Elsevier}
}

@article{Han2018SolvingLearning,
    title = {{Solving high-dimensional partial differential equations using deep learning}},
    year = {2018},
    journal = {Proceedings of the National Academy of Sciences},
    author = {Han, Jiequn and Jentzen, Arnulf and E, Weinan},
    publisher = {National Academy of Sciences},
    url = {http://www.pnas.org/content/early/2018/08/03/1718942115},
    doi = {10.1073/pnas.1718942115},
    issn = {0027-8424}
}

@article{Beck2018SolvingLearning,
    title = {{Solving stochastic differential equations and Kolmogorov equations by means of deep learning}},
    year = {2018},
    journal = {arXiv:1806.00421},
    author = {Beck, Christian and Becker, Sebastian and Jaafari, Philipp Grohs Nor and Jentzen, Arnulf}
}

@article{Schilder1966SomeIntegrals,
    title = {{Some asymptotic formulas for Wiener integrals}},
    year = {1966},
    author = {Schilder, M},
    pages = {63},
    volume = {125},
    doi = {10.1090/s0002-9947-1966-0201892-6},
    issn = {0002-9947}
}

@inproceedings{Kolmogorov1956SomeVariables,
    title = {{Some fundamental problems in the approximate and exact representation of functions of one or several variables}},
    year = {1956},
    booktitle = {Proc III Math Congress USSR},
    author = {Kolmogorov, A N},
    pages = {28--29},
    volume = {2}
}

@article{Jia2019SomeFunction,
    title = {{Some Remarks on Estimate of Mittag-Leffler Function}},
    year = {2019},
    journal = {Journal of Function Spaces},
    author = {Jia, Jia and Wang, Zhen and Huang, Xia and Wei, Yunliang},
    month = {4},
    pages = {1--9},
    volume = {2019},
    doi = {10.1155/2019/6091602},
    issn = {2314-8896}
}

@article{Briol2019StatisticalDiscrepancy,
    title = {{Statistical Inference for Generative Models with Maximum Mean Discrepancy}},
    year = {2019},
    journal = {arXiv:1906.05944},
    author = {Briol, Francois-Xavier and Barp, Alessandro and Duncan, Andrew B and Girolami, Mark}
}

@book{Liptser2001StatisticsProcesses,
    title = {{Statistics of Random Processes}},
    year = {2001},
    author = {Liptser, Robert S and Shiryaev, Albert N},
    publisher = {Springer-Verlag Berlin Heidelberg}
}

@book{Cohen2015StochasticApplications,
    title = {{Stochastic calculus and applications}},
    year = {2015},
    author = {Cohen, Samuel N and Elliott, Robert James},
    volume = {2},
    publisher = {Springer}
}

@book{Bensoussan1992StochasticSystems,
    title = {{Stochastic Control of Partially Observable Systems}},
    year = {1992},
    author = {Bensoussan, A},
    publisher = {Cambridge University Press}
}

@book{JiongminYong1999StochasticControls,
    title = {{Stochastic Controls}},
    year = {1999},
    author = {Jiongmin Yong, Xunyu Zhou},
    volume = {43},
    publisher = {Springer-Verlag New York}
}

@book{Kunita1997StochasticEquations,
    title = {{Stochastic flows and stochastic differential equations}},
    year = {1997},
    author = {Kunita, Hiroshi},
    volume = {24},
    publisher = {Cambridge university press}
}

@article{Barndorff-Nielsen2013StochasticPremia,
    title = {{Stochastic Volatility of Volatility and Variance Risk Premia}},
    year = {2013},
    journal = {Journal of Financial Econometrics},
    author = {Barndorff-Nielsen, Ole E and Veraart, Almut},
    number = {1},
    month = {1},
    pages = {1--46},
    volume = {11},
    doi = {10.1093/jjfinec/nbs008},
    issn = {1479-8409}
}

@article{Barndorff-Nielsen2009StochasticTime,
    title = {{Stochastic volatility of volatility in continuous time}},
    year = {2009},
    journal = {CREATES research paper},
    author = {Barndorff-Nielsen, Ole E and Veraart, Almut},
    volume = {25}
}

@article{Hutzenthaler2011StrongCoefficients,
    title = {{Strong and weak divergence in finite time of Euler's method for stochastic differential equations with non-globally Lipschitz continuous coefficients}},
    year = {2011},
    journal = {Proceedings of the Royal Society A: Mathematical, Physical and Engineering Sciences},
    author = {Hutzenthaler, Martin and Jentzen, Arnulf and Kloeden, Peter E},
    number = {2130},
    pages = {1563--1576},
    volume = {467},
    publisher = {The Royal Society Publishing}
}

@book{Skorokhod1965StudiesProcesses,
    title = {{Studies in the theory of random processes}},
    year = {1965},
    author = {Skorokhod, A V},
    publisher = {Addison–Wesley, Reading, Mass.}
}

@article{Cramer1938SurProbabilites,
    title = {{Sur un nouveau th{\'{e}}or{\`{e}}me-limite de la th{\'{e}}orie des probabilit{\'{e}}s}},
    year = {1938},
    journal = {Actualit{\'{e}}s Scientifiques et Industrielles},
    author = {Cram{\'{e}}r, Harald},
    pages = {5--23},
    volume = {736}
}

@article{Hastie2019SurprisesInterpolation,
    title = {{Surprises in high-dimensional ridgeless least squares interpolation}},
    year = {2019},
    journal = {arXiv:1903.08560},
    author = {Hastie, Trevor and Montanari, Andrea and Rosset, Saharon and Tibshirani, Ryan J}
}

@article{DAgostino1973Testssqrtb_1,
    title = {{Tests for Departure from Normality. Empirical Results for the Distributions of {\$}b{\_}2{\$} and {\$}{\textbackslash}sqrt{\{}b{\_}1{\}}{\$}}},
    year = {1973},
    journal = {Biometrika},
    author = {D'Agostino, Ralph and Pearson, Egon Sharpe},
    number = {3},
    month = {12},
    pages = {613},
    volume = {60},
    doi = {10.2307/2335012},
    issn = {00063444}
}

@article{Mainardi2010TheSurvey,
    title = {{The -Wright Function in Time-Fractional Diffusion Processes: A Tutorial Survey}},
    year = {2010},
    journal = {International Journal of Differential Equations},
    author = {Mainardi, Francesco and Mura, Antonio and Pagnini, Gianni},
    pages = {1--29},
    volume = {2010},
    doi = {10.1155/2010/104505},
    issn = {1687-9643}
}

@article{Biais2019TheTheorem,
    title = {{The blockchain folk theorem}},
    year = {2019},
    journal = {The Review of Financial Studies},
    author = {Biais, Bruno and Bisiere, Christophe and Bouvard, Matthieu and Casamatta, Catherine},
    number = {5},
    pages = {1662--1715},
    volume = {32},
    publisher = {Oxford University Press}
}

@article{Euch2018TheModels,
    title = {{The characteristic function of rough Heston models}},
    year = {2018},
    journal = {Mathematical Finance},
    author = {Euch, Omar El and Rosenbaum, Mathieu},
    number = {1},
    month = {2},
    pages = {3--38},
    volume = {29},
    publisher = {Wiley},
    doi = {10.1111/mafi.12173}
}

@article{Pelsser2016TheModeling,
    title = {{The difference between LSMC and replicating portfolio in insurance liability modeling}},
    year = {2016},
    journal = {European Actuarial Journal},
    author = {Pelsser, Antoon and Schweizer, Janina},
    number = {2},
    month = {12},
    pages = {441--494},
    volume = {6},
    doi = {10.1007/s13385-016-0133-z},
    issn = {2190-9733}
}

@article{Guyon2020TheSolved,
    title = {{The joint S{\&}P 500/VIX smile calibration puzzle solved}},
    year = {2020},
    journal = {Risk Magazine},
    author = {Guyon, Julien},
    month = {4}
}

@article{Albrecher2007TheTrap,
    title = {{The Little Heston Trap}},
    year = {2007},
    journal = {Wilmott Magazine},
    author = {Albrecher, Hansjoerg and Mayer, Philipp and Schoutens, Wim and Tistaert, Jurgen},
    month = {3},
    pages = {83--92}
}

@article{Choromanska2015TheNetworks,
    title = {{The Loss Surfaces of Multilayer Networks}},
    year = {2015},
    journal = {Proceedings of the Eighteenth International Conference on Artificial Intelligence and Statistics, PMLR},
    author = {Choromanska, Anna and Henaff, Mikael and Mathieu, Michael and Arous, Gérard Ben and LeCun, Yann},
    pages = {192--204},
    volume = {38},
    keywords = {cs.LG}
}

@book{Nualart2006TheTopics,
    title = {{The Malliavin Calculus and Related Topics}},
    year = {2006},
    author = {Nualart, David},
    publisher = {Springer-Verlag},
    address = {Berlin/Heidelberg},
    isbn = {3-540-28328-5},
    doi = {10.1007/3-540-28329-3}
}

@article{Cardaliaguet2015TheGames,
    title = {{The master equation and the convergence problem in mean field games}},
    year = {2015},
    journal = {arXiv:1509.02505},
    author = {Cardaliaguet, Pierre and Delarue, François and Lasry, Jean-Michel and Lions, Pierre-Louis}
}

@article{Euch2018TheVolatility,
    title = {{The microstructural foundations of leverage effect and rough volatility}},
    year = {2018},
    journal = {Finance and Stochastics},
    author = {Euch, Omar El and Fukasawa, Masaaki and Rosenbaum, Mathieu},
    number = {2},
    month = {3},
    pages = {241--280},
    volume = {22},
    publisher = {Springer Science and Business Media LLC},
    doi = {10.1007/s00780-018-0360-z}
}

@article{Lee2004THESTRIKES,
    title = {{THE MOMENT FORMULA FOR IMPLIED VOLATILITY AT EXTREME STRIKES}},
    year = {2004},
    journal = {Mathematical Finance},
    author = {Lee, Roger W.},
    number = {3},
    month = {7},
    pages = {469--480},
    volume = {14},
    doi = {10.1111/j.0960-1627.2004.00200.x},
    issn = {0960-1627}
}

@book{Vapnik2013TheTheory,
    title = {{The nature of statistical learning theory}},
    year = {2013},
    author = {Vapnik, Vladimir},
    publisher = {Springer science {\&} business media}
}

@article{Black1973TheLiabilities,
    title = {{The Pricing of Options and Corporate Liabilities}},
    year = {1973},
    journal = {Journal of Political Economy},
    author = {Black, Fischer and Scholes, Myron},
    number = {3},
    month = {5},
    pages = {637--654},
    volume = {81},
    publisher = {University of Chicago Press},
    doi = {10.1086/260062}
}

@article{Gatheral2020TheProblem,
    title = {{The quadratic rough Heston model and the joint S{\&}P 500/VIX smile calibration problem}},
    year = {2020},
    journal = {Risk Magazine},
    author = {Gatheral, Jim and Jusselin, Paul and Rosenbaum, Mathieu},
    month = {5},
    arxivId = {2001.01789}
}

@article{Kolmogorov1956TheVariables,
    title = {{The representation of continuous functions of several variables by superpositions of continuous functions of a smaller number of variables}},
    year = {1956},
    journal = {Doklady Akademii Nauk SSSR},
    author = {Kolmogorov, Andre\u\i Nikolaevich},
    number = {2},
    pages = {179--182},
    volume = {108}
}

@article{Bondi2022TheModel,
    title = {{The rough Hawkes Heston stochastic volatility model}},
    year = {2022},
    journal = {arXiv:2210.12393},
    author = {Bondi, Alessandro and Pulido, Sergio and Scotti, Simone},
    month = {10},
    arxivId = {2210.12393}
}

@article{Guyon2011TheSolved,
    title = {{The smile calibration problem solved}},
    year = {2011},
    journal = {Available at SSRN 1885032},
    author = {Guyon, Julien and Henry-Labordere, Pierre}
}

@article{Fenton1960TheSystems,
    title = {{The Sum of Log-Normal Probability Distributions in Scatter Transmission Systems}},
    year = {1960},
    journal = {IEEE Transactions on Communications},
    author = {Fenton, Lawrence},
    number = {1},
    pages = {57--67},
    volume = {8},
    doi = {10.1109/TCOM.1960.1097606},
    issn = {0090-6778}
}

@article{Madan1990TheReturns,
    title = {{The Variance Gamma (V.G.) Model for Share Market Returns}},
    year = {1990},
    journal = {The Journal of Business},
    author = {Madan, Dilip B and Seneta, Eugene},
    number = {4},
    pages = {511--524},
    volume = {63},
    publisher = {University of Chicago Press},
    url = {http://www.jstor.org/stable/2353303},
    issn = {00219398, 15375374}
}

@article{Jordan1998TheEquation,
    title = {{The variational formulation of the Fokker-Planck equation}},
    year = {1998},
    journal = {SIAM J. Math. Anal.},
    author = {Jordan, R and Kinderlehrer, D and Otto, F},
    number = {1},
    month = {1},
    pages = {1--17},
    volume = {29}
}

@article{Guyon2022TheSkew,
    title = {{The VIX Future in Bergomi Models: Fast Approximation Formulas and Joint Calibration with S{\&}amp;P 500 Skew}},
    year = {2022},
    journal = {SIAM Journal on Financial Mathematics},
    author = {Guyon, Julien},
    number = {4},
    month = {12},
    pages = {1418--1485},
    volume = {13},
    url = {https://epubs.siam.org/doi/10.1137/21M1437408},
    doi = {10.1137/21M1437408},
    issn = {1945-497X}
}

@article{Lipton2002TheProblem,
    title = {{The vol smile problem}},
    year = {2002},
    journal = {Risk Magazine},
    author = {Lipton, Alexander},
    month = {2},
    pages = {61--65}
}

@book{Gatheral2006TheGuide,
    title = {{The Volatility Surface: A Practitioner's Guide}},
    year = {2006},
    author = {Gatheral, Jim},
    series = {Wiley finance series},
    publisher = {John Wiley {\&} Sons},
    url = {https://books.google.co.uk/books?id=morbjwEACAAJ},
    isbn = {9781119202073}
}

@article{Zhang2017TheII,
    title = {{The Wellposedness of FBSDEs (II)}},
    year = {2017},
    journal = {arXiv:1708.05785},
    author = {Zhang, Jianfeng}
}

@phdthesis{Petram2011The1602-1700,
    title = {{The world’s first stock exchange: how the Amsterdam market for Dutch East India Company shares became a modern securities market, 1602-1700}},
    year = {2011},
    author = {Petram, Lodewijk O},
    school = {Universiteit van Amsterdam},
    address = {Amsterdam}
}

@article{Zheng1985TightnessMechanics,
    title = {{Tightness results for laws of diffusion processes application to stochastic mechanics}},
    year = {1985},
    journal = {Annales de l'IHP},
    author = {Zheng, W A}
}

@article{Lionnet2015TimePDEs,
    title = {{Time discretization of FBSDE with polynomial growth drivers and reaction–diffusion PDEs}},
    year = {2015},
    journal = {The Annals of Applied Probability},
    author = {Lionnet, Arnaud and Dos Reis, Gonçalo and Szpruch, Lukasz},
    number = {5},
    pages = {2563--2625},
    volume = {25},
    publisher = {Institute of Mathematical Statistics}
}

@article{Follmer1986TimeSpace,
    title = {{Time reversal on Wiener space}},
    year = {1986},
    journal = {Stochastic Processes — Mathematics and Physics},
    author = {F{\"{o}}llmer, H},
    editor = {Albeverio, Sergio A and Blanchard, Philippe and Streit, Ludwig},
    pages = {119--129},
    publisher = {Springer Berlin Heidelberg},
    address = {Berlin, Heidelberg},
    isbn = {978-3-540-39703-8}
}

@article{Gulisashvili2021Time-inhomogeneousRoughness,
    title = {{Time-inhomogeneous Gaussian stochastic volatility models: Large deviations and super roughness}},
    year = {2021},
    journal = {Stochastic Processes and their Applications},
    author = {Gulisashvili, Archil},
    pages = {37--79},
    volume = {139},
    publisher = {Elsevier}
}

@book{Sznitman1991TopicsChaos,
    title = {{Topics in propagation of chaos}},
    year = {1991},
    booktitle = {Ecole d'Et{\'{e}} de Probabilit{\'{e}}s de Saint-Flour XIX—1989},
    author = {Sznitman, Alain-Sol},
    pages = {165--251},
    publisher = {Springer}
}

@inproceedings{Berner2019TowardsEstimates,
    title = {{Towards a regularity theory for ReLU networks  chain rule and global error estimates}},
    year = {2019},
    booktitle = {13th International conference on Sampling Theory and Applications (SampTA)},
    author = {Berner, Julius and Elbrachter, Dennis and Grohs, Philipp and Jentzen, Arnulf},
    month = {7},
    publisher = {IEEE},
    doi = {10.1109/sampta45681.2019.9031005}
}

@article{Roa-Vicens2019TowardsDynamics,
    title = {{Towards Inverse Reinforcement Learning for Limit Order Book Dynamics}},
    year = {2019},
    journal = {arXiv:1906.04813},
    author = {Roa-Vicens, Jacobo and Chtourou, Cyrine and Filos, Angelos and Rullan, Francisco and Gal, Yarin and Silva, Ricardo}
}

@article{Hardt2015TrainDescent,
    title = {{Train faster, generalize better: Stability of stochastic gradient descent}},
    year = {2015},
    journal = {arXiv:1509.01240},
    author = {Hardt, Moritz and Recht, Benjamin and Singer, Yoram}
}

@article{McCrickerd2018TurbochargingModel,
    title = {{Turbocharging Monte Carlo pricing for the rough Bergomi model}},
    year = {2018},
    journal = {Quantitative Finance},
    author = {McCrickerd, Ryan and Pakkanen, Mikko S},
    number = {11},
    month = {4},
    pages = {1877--1886},
    volume = {18},
    publisher = {Informa UK Limited},
    doi = {10.1080/14697688.2018.1459812}
}

@article{Vidales2018UnbiasedPDEs,
    title = {{Unbiased deep solvers for parametric PDEs}},
    year = {2018},
    journal = {arXiv:1810.05094},
    author = {Vidales, Marc Sabate and {\v{S}}i{\v{s}}ka, David and Szpruch, Lukasz},
    arxivId = {1810.05094}
}

@article{Mallat2016UnderstandingNetworks,
    title = {{Understanding deep convolutional networks}},
    year = {2016},
    journal = {Philosophical Transactions of the Royal Society A: Mathematical, Physical and Engineering Sciences},
    author = {Mallat, Stéphane},
    number = {2065},
    pages = {20150203},
    volume = {374},
    publisher = {The Royal Society Publishing}
}

@article{Barron1993UniversalFunction,
    title = {{Universal approximation bounds for superpositions of a sigmoidal function}},
    year = {1993},
    journal = {IEEE Transactions on Information Theory},
    author = {Barron, Andrew R},
    number = {3},
    month = {5},
    pages = {930--945},
    volume = {39},
    publisher = {Institute of Electrical and Electronics Engineers (IEEE)},
    doi = {10.1109/18.256500},
    issn = {0018-9448}
}

@article{Huang2006UniversalNodes,
    title = {{Universal Approximation Using Incremental Constructive Feedforward Networks With Random Hidden Nodes}},
    year = {2006},
    journal = {IEEE Transactions on Neural Networks},
    author = {Huang, Guang-Bin and Chen, L and Siew, C K},
    number = {4},
    month = {7},
    pages = {879--892},
    volume = {17},
    publisher = {Institute of Electrical and Electronics Engineers (IEEE)},
    doi = {10.1109/tnn.2006.875977}
}

@article{Lipton2002UniversalBarriers,
    title = {{Universal Barriers}},
    year = {2002},
    journal = {Risk Magazine},
    author = {Lipton, Alexander and McGhee, William}
}

@article{Radford2015UnsupervisedNetworks,
    title = {{Unsupervised Representation Learning with Deep Convolutional Generative Adversarial Networks}},
    year = {2015},
    journal = {arXiv:1511.06434},
    author = {Radford, Alec and Metz, Luke and Chintala, Soumith},
    month = {11},
    arxivId = {1511.06434}
}

@article{Szpruch2018V-integrabilitySDEs,
    title = {{V-integrability, asymptotic stability and comparison property of explicit numerical schemes for non-linear SDEs}},
    year = {2018},
    journal = {Mathematics of Computation},
    author = {Szpruch, Łukasz and Zh{\={a}}ng, Xiling},
    number = {310},
    pages = {755--783},
    volume = {87},
    url = {https://doi.org/10.1090/mcom/3219},
    issn = {0025-5718}
}

@article{Longstaff2001ValuingApproach,
    title = {{Valuing American Options by Simulation: A Simple Least-Squares Approach}},
    year = {2001},
    journal = {Review of Financial Studies},
    author = {Longstaff, Francis A and Schwartz, Eduardo S},
    number = {1},
    month = {1},
    pages = {113--147},
    volume = {14},
    doi = {10.1093/rfs/14.1.113},
    issn = {0893-9454}
}

@inproceedings{DeMarco2018VolatilityModels,
    title = {{Volatility derivatives in (rough) forward variance models}},
    year = {2018},
    booktitle = {Presentation at the Bachelier congress},
    author = {De Marco, Stefano},
    month = {7}
}

@article{Guyon2022VolatilityPath-Dependent,
    title = {{Volatility Is (Mostly) Path-Dependent}},
    year = {2022},
    journal = {SSRN Electronic Journal},
    author = {Guyon, Julien and Lekeufack Sopze, Jordan},
    doi = {10.2139/ssrn.4174589},
    issn = {1556-5068}
}

@article{Gatheral2018VolatilityRough,
    title = {{Volatility is rough}},
    year = {2018},
    journal = {Quantitative Finance},
    author = {Gatheral, Jim and Jaisson, Thibault and Rosenbaum, Mathieu},
    number = {6},
    month = {3},
    pages = {933--949},
    volume = {18},
    publisher = {Informa UK Limited},
    doi = {10.1080/14697688.2017.1393551}
}

@article{Horvath2020VolatilityModels,
    title = {{Volatility Options in Rough Volatility Models}},
    year = {2020},
    journal = {SIAM Journal on Financial Mathematics},
    author = {Horvath, Blanka and Jacquier, Antoine and Tankov, Peter},
    number = {2},
    month = {1},
    pages = {437--469},
    volume = {11},
    doi = {10.1137/18M1169242},
    issn = {1945-497X}
}

@inproceedings{Arjovsky2017WassersteinNetworks,
    title = {{Wasserstein generative adversarial networks}},
    year = {2017},
    booktitle = {International conference on machine learning},
    author = {Arjovsky, Martin and Chintala, Soumith and Bottou, Léon},
    month = {7},
    pages = {214--223},
    publisher = {Proceedings of Machine Learning Research}
}

@article{Kurtz2014WeakModels,
    title = {{Weak and strong solutions of general stochastic models}},
    year = {2014},
    journal = {Electronic Communications in Probability},
    author = {Kurtz, Thomas},
    volume = {19},
    publisher = {The Institute of Mathematical Statistics and the Bernoulli Society}
}

@article{Gassiat2023WeakVolatility,
    title = {{Weak Error Rates of Numerical Schemes for Rough Volatility}},
    year = {2023},
    journal = {SIAM Journal on Financial Mathematics},
    author = {Gassiat, Paul},
    number = {2},
    month = {6},
    pages = {475--496},
    volume = {14},
    url = {https://epubs.siam.org/doi/10.1137/22M1485760},
    doi = {10.1137/22M1485760},
    issn = {1945-497X}
}

@article{Hammersley2021WeakNoise,
    title = {{Weak existence and uniqueness for McKean–Vlasov SDEs with common noise}},
    year = {2021},
    journal = {The Annals of Probability},
    author = {Hammersley, William R. P. and {\v{S}}i{\v{s}}ka, David and Szpruch, Łukasz},
    number = {2},
    month = {3},
    volume = {49},
    url = {https://projecteuclid.org/journals/annals-of-probability/volume-49/issue-2/Weak-existence-and-uniqueness-for-McKeanVlasov-SDEs-with-common-noise/10.1214/20-AOP1454.full},
    doi = {10.1214/20-AOP1454},
    issn = {0091-1798}
}

@article{Chassagneux2022WeakMeasures,
    title = {{Weak quantitative propagation of chaos via differential calculus on the space of measures}},
    year = {2022},
    journal = {The Annals of Applied Probability},
    author = {Chassagneux, Jean-François and Szpruch, Lukasz and Tse, Alvin},
    number = {3},
    month = {6},
    pages = {1929--1969},
    volume = {32},
    url = {https://projecteuclid.org/journals/annals-of-applied-probability/volume-32/issue-3/Weak-quantitative-propagation-of-chaos-via-differential-calculus-on-the/10.1214/21-AAP1725.full},
    doi = {10.1214/21-AAP1725},
    issn = {1050-5164}
}

@article{Rahimi2008WeightedLearning,
    title = {{Weighted Sums of Random Kitchen Sinks: Replacing minimization with randomization in learning}},
    year = {2008},
    journal = {Advances in Neural Information Processing Systems},
    author = {Rahimi, Ali and Recht, Benjamin},
    editor = {Koller, D and Schuurmans, D and Bengio, Y and Bottou, L},
    volume = {21},
    publisher = {Curran Associates, Inc.},
    url = {https://proceedings.neurips.cc/paper/2008/file/0efe32849d230d7f53049ddc4a4b0c60-Paper.pdf}
}

@inproceedings{Zhang2019WhyAdaptivity,
    title = {{Why Gradient Clipping Accelerates Training: A Theoretical Justification for Adaptivity}},
    year = {2019},
    booktitle = {International Conference on Learning Representations},
    author = {Zhang, Jingzhao and He, Tianxing and Sra, Suvrit and Jadbabaie, Ali}
}