@article{Lord2009AModels,
    title = {{A comparison of biased simulation schemes for stochastic volatility models}},
    year = {2009},
    journal = {Quantitative Finance},
    author = {Lord, Roger and Koekkoek, Remmert and Van Dijk, Dick},
    number = {2},
    month = {4},
    pages = {177--194},
    volume = {10},
    publisher = {Informa UK Limited},
    doi = {10.1080/14697680802392496}
}

@article{Hutzenthaler2020AEquations,
    title = {{A proof that rectified deep neural networks overcome the curse of dimensionality in the numerical approximation of semilinear heat equations}},
    year = {2020},
    journal = {SN Partial Differential Equations and Applications},
    author = {Hutzenthaler, Martin and Jentzen, Arnulf and Kruse, Thomas and Nguyen, Tuan Anh},
    number = {2},
    month = {4},
    volume = {1},
    publisher = {Springer Science and Business Media LLC},
    doi = {10.1007/s42985-019-0006-9}
}

@article{Cao2018AWeights,
    title = {{A review on neural networks with random weights}},
    year = {2018},
    journal = {Neurocomputing},
    author = {Cao, Weipeng and Wang, Xizhao and Ming, Zhong and Gao, Jinzhu},
    month = {1},
    pages = {278--287},
    volume = {275},
    publisher = {Elsevier BV},
    doi = {10.1016/j.neucom.2017.08.040}
}

@article{Pardoux1990AdaptedEquation,
    title = {{Adapted solution of a backward stochastic differential equation}},
    year = {1990},
    journal = {Systems {\&} Control Letters},
    author = {Pardoux, E and Peng, S G},
    number = {1},
    month = {1},
    pages = {55--61},
    volume = {14},
    publisher = {Elsevier BV},
    doi = {10.1016/0167-6911(90)90082-6}
}

@article{Nakamura-Zimmerer2021AdaptiveEquations,
    title = {{Adaptive Deep Learning for High-Dimensional Hamilton–Jacobi–Bellman Equations}},
    year = {2021},
    journal = {SIAM Journal on Scientific Computing},
    author = {Nakamura-Zimmerer, Tenavi and Gong, Qi and Kang, Wei},
    number = {2},
    month = {1},
    pages = {A1221–A1247},
    volume = {43},
    publisher = {Society for Industrial {\&} Applied Mathematics (SIAM)},
    doi = {10.1137/19m1288802}
}

@article{Beck2023AnEquations,
    title = {{An overview on deep learning-based approximation methods for partial differential equations}},
    year = {2023},
    journal = {Discrete and Continuous Dynamical Systems - B},
    author = {Beck, Christian and Hutzenthaler, Martin and Jentzen, Arnulf and Kuckuck, Benno},
    number = {6},
    pages = {3697--3746},
    volume = {28},
    doi = {10.3934/dcdsb.2022238},
    issn = {1531-3492}
}

@article{Gonon2020ApproximationSystems,
    title = {{Approximation Bounds for Random Neural Networks and Reservoir Systems}},
    year = {2020},
    journal = {arXiv:2002.05933},
    author = {Gonon, Lukas and Grigoryeva, Lyudmila and Ortega, Juan-Pablo},
    month = {2},
    arxivId = {2002.05933},
    keywords = {cs.NE, cs.SY, eess.SY, math.PR}
}

@article{Guennoun2018AsymptoticModel,
    title = {{Asymptotic Behavior of the Fractional Heston Model}},
    year = {2018},
    journal = {SIAM Journal on Financial Mathematics},
    author = {Guennoun, Hamza and Jacquier, Antoine and Roome, Patrick and Shi, Fangwei},
    number = {3},
    month = {1},
    pages = {1017--1045},
    volume = {9},
    doi = {10.1137/17M1142892},
    issn = {1945-497X}
}

@article{Yu2020BackwardProblems,
    title = {{Backward Deep BSDE Methods and Applications to Nonlinear Problems}},
    year = {2020},
    journal = {arXiv:2006.07635},
    author = {Yu, Yajie and Hientzsch, Bernhard and Ganesan, Narayan},
    month = {6},
    arxivId = {2006.07635},
    keywords = {q-fin.CP, q-fin.MF, q-fin.PR}
}

@article{Bennedsen2022DecouplingVolatility,
    title = {{Decoupling the Short- and Long-Term Behavior of Stochastic Volatility}},
    year = {2022},
    journal = {Journal of Financial Econometrics},
    author = {Bennedsen, Mikkel and Lunde, Asger and Pakkanen, Mikko S},
    number = {5},
    month = {11},
    pages = {961--1006},
    volume = {20},
    doi = {10.1093/jjfinec/nbaa049},
    issn = {1479-8409}
}

@article{Hure2020DeepPDEs,
    title = {{Deep backward schemes for high-dimensional nonlinear PDEs}},
    year = {2020},
    journal = {Mathematics of Computation},
    author = {Hur{\'{e}}, Côme and Pham, Huyên and Warin, Xavier},
    pages = {1547--1579},
    volume = {89},
    doi = {10.1090/mcom/3514},
    issn = {0025-5718}
}

@article{Jacquier2019DeepVolatility,
    title = {{Deep Curve-dependent PDEs for affine rough volatility}},
    year = {2019},
    journal = {arXiv:1906.02551},
    author = {Jacquier, Antoine and Oumgari, Mugad},
    month = {6},
    arxivId = {1906.02551},
    keywords = {35R15, 60H30, 91G20, 91G80, q-fin.PR}
}

@article{Buehler2019DeepHedging,
    title = {{Deep hedging}},
    year = {2019},
    journal = {Quantitative Finance},
    author = {Buehler, H and Gonon, L and Teichmann, J and Wood, B},
    number = {8},
    month = {2},
    pages = {1271--1291},
    volume = {19},
    publisher = {Informa UK Limited},
    doi = {10.1080/14697688.2019.1571683}
}

@article{Heaton2017DeepPortfolios,
    title = {{Deep learning for finance: deep portfolios}},
    year = {2017},
    journal = {Applied Stochastic Models in Business and Industry},
    author = {Heaton, J. B. and Polson, Nick G. and Witte, Jan H.},
    number = {1},
    month = {1},
    pages = {3--12},
    volume = {33},
    doi = {10.1002/asmb.2209},
    issn = {15241904}
}

@article{Horvath2020DeepModels,
    title = {{Deep learning volatility: a deep neural network perspective on pricing and calibration in (rough) volatility models}},
    year = {2020},
    journal = {Quantitative Finance},
    author = {Horvath, Blanka and Muguruza, Aitor and Tomas, Mehdi},
    number = {1},
    month = {10},
    pages = {11--27},
    volume = {21},
    publisher = {Informa UK Limited},
    doi = {10.1080/14697688.2020.1817974}
}

@article{E2017DeepEquations,
    title = {{Deep Learning-Based Numerical Methods for High-Dimensional Parabolic Partial Differential Equations and Backward Stochastic Differential Equations}},
    year = {2017},
    journal = {Communications in Mathematics and Statistics},
    author = {E, Weinan and Han, Jiequn and Jentzen, Arnulf},
    number = {4},
    month = {11},
    pages = {349--380},
    volume = {5},
    publisher = {Springer Science and Business Media LLC},
    doi = {10.1007/s40304-017-0117-6}
}

@article{Gonon2023DeepEquations,
    title = {{Deep ReLU neural networks overcome the curse of dimensionality for partial integrodifferential equations}},
    year = {2023},
    journal = {Analysis and Applications},
    author = {Gonon, Lukas and Schwab, Christoph},
    number = {01},
    month = {1},
    pages = {1--47},
    volume = {21},
    doi = {10.1142/S0219530522500129},
    issn = {0219-5305}
}

@article{Beck2021DeepPDEs,
    title = {{Deep Splitting Method for Parabolic PDEs}},
    year = {2021},
    journal = {SIAM Journal on Scientific Computing},
    author = {Beck, Christian and Becker, Sebastian and Cheridito, Patrick and Jentzen, Arnulf and Neufeld, Ariel},
    number = {5},
    month = {1},
    pages = {A3135–A3154},
    volume = {43},
    publisher = {Society for Industrial {\&} Applied Mathematics (SIAM)},
    doi = {10.1137/19m1297919}
}

@article{Sirignano2018DGM:Equations,
    title = {{DGM: A deep learning algorithm for solving partial differential equations}},
    year = {2018},
    journal = {Journal of Computational Physics},
    author = {Sirignano, Justin and Spiliopoulos, Konstantinos},
    month = {12},
    pages = {1339--1364},
    volume = {375},
    publisher = {Elsevier BV},
    doi = {10.1016/j.jcp.2018.08.029}
}

@article{Elbrachter2021DNNPricing,
    title = {{DNN Expression Rate Analysis of High-Dimensional PDEs: Application to Option Pricing}},
    year = {2021},
    journal = {Constructive Approximation},
    author = {Elbr{\"{a}}chter, Dennis and Grohs, Philipp and Jentzen, Arnulf and Schwab, Christoph},
    number = {1},
    month = {5},
    pages = {3--71},
    volume = {55},
    publisher = {Springer Science and Business Media LLC},
    doi = {10.1007/s00365-021-09541-6}
}

@book{LeCun2012EfficientBackProp,
    title = {{Efficient BackProp}},
    year = {2012},
    booktitle = {Lecture Notes in Computer Science},
    author = {LeCun, Yann A and Bottou, Léon and Orr, Genevieve B and M{\"{u}}ller, Klaus-Robert},
    pages = {9--48},
    publisher = {Springer Berlin Heidelberg},
    doi = {10.1007/978-3-642-35289-8{\_}3}
}

@article{Stein1981EstimationDistribution,
    title = {{Estimation of the Mean of a Multivariate Normal Distribution}},
    year = {1981},
    journal = {The Annals of Statistics},
    author = {Stein, Charles M},
    number = {6},
    month = {11},
    volume = {9},
    publisher = {Institute of Mathematical Statistics},
    doi = {10.1214/aos/1176345632}
}

@article{Gonon2021FadingUniversal,
    title = {{Fading memory echo state networks are universal}},
    year = {2021},
    journal = {Neural Networks},
    author = {Gonon, Lukas and Ortega, Juan-Pablo},
    month = {6},
    pages = {10--13},
    volume = {138},
    publisher = {Elsevier BV},
    doi = {10.1016/j.neunet.2021.01.025}
}

@incollection{Liu2018FinancialNetwork,
    title = {{Financial Data Forecasting Using Optimized Echo State Network}},
    year = {2018},
    booktitle = {Neural Information Processing},
    author = {Liu, Junxiu and Sun, Tiening and Luo, Yuling and Fu, Qiang and Cao, Yi and Zhai, Jia and Ding, Xuemei},
    pages = {138--149},
    publisher = {Springer International Publishing},
    doi = {10.1007/978-3-030-04221-9{\_}13}
}

@article{Mandelbrot1968FractionalApplications,
    title = {{Fractional Brownian Motions, Fractional Noises and Applications}},
    year = {1968},
    journal = {SIAM Review},
    author = {Mandelbrot, Benoit B and Ness, John W Van},
    number = {4},
    month = {10},
    pages = {422--437},
    volume = {10},
    publisher = {Society for Industrial {\&} Applied Mathematics (SIAM)},
    doi = {10.1137/1010093}
}

@article{Mei2022GeneralizationConcentration,
    title = {{Generalization error of random feature and kernel methods: Hypercontractivity and kernel matrix concentration}},
    year = {2022},
    journal = {Applied and Computational Harmonic Analysis},
    author = {Mei, Song and Misiakiewicz, Theodor and Montanari, Andrea},
    month = {7},
    pages = {3--84},
    volume = {59},
    publisher = {Elsevier BV},
    doi = {10.1016/j.acha.2021.12.003}
}

@book{Federer1996GeometricTheory,
    title = {{Geometric Measure Theory}},
    year = {1996},
    author = {Federer, Herbert},
    editor = {Eckmann, B. and van der Waerden, B. L.},
    publisher = {Springer Berlin Heidelberg},
    address = {Berlin, Heidelberg},
    isbn = {978-3-540-60656-7},
    doi = {10.1007/978-3-642-62010-2}
}

@article{Bennedsen2017HybridProcesses,
    title = {{Hybrid scheme for Brownian semistationary processes}},
    year = {2017},
    journal = {Finance and Stochastics},
    author = {Bennedsen, Mikkel and Lunde, Asger and Pakkanen, Mikko S},
    number = {4},
    month = {6},
    pages = {931--965},
    volume = {21},
    publisher = {Springer Science and Business Media LLC},
    doi = {10.1007/s00780-017-0335-5}
}

@book{Folland1995IntroductionEquations,
    title = {{Introduction to partial differential equations}},
    year = {1995},
    author = {Folland, G B},
    pages = {324},
    publisher = {Princeton University Press},
    isbn = {0691043612}
}

@article{Jaber2022JointHints,
    title = {{Joint SPX-VIX calibration with Gaussian polynomial volatility models: deep pricing with quantization hints}},
    year = {2022},
    journal = {arXvi:2212.08297},
    author = {Jaber, Eduardo Abi and Illand, Camille and {Shaun} and {Li}},
    month = {12},
    arxivId = {2212.08297}
}

@article{Rumelhart1986LearningErrors,
    title = {{Learning representations by back-propagating errors}},
    year = {1986},
    journal = {Nature},
    author = {Rumelhart, David E. and Hinton, Geoffrey E. and Williams, Ronald J.},
    number = {6088},
    month = {10},
    pages = {533--536},
    volume = {323},
    doi = {10.1038/323533a0},
    issn = {0028-0836}
}

@article{vanWieringen2015LectureRegression,
    title = {{Lecture notes on ridge regression}},
    year = {2015},
    author = {van Wieringen, Wessel N},
    month = {9},
    arxivId = {1509.09169},
    keywords = {stat.ME}
}

@article{Briand2003LpEquations,
    title = {{Lp solutions of backward stochastic differential equations}},
    year = {2003},
    journal = {Stochastic Processes and their Applications},
    author = {Briand, Philippe and Delyon, Bernard and Hu, Ying and Pardoux, Etienne and Stoica, Lucretiu},
    number = {1},
    month = {11},
    pages = {109--129},
    volume = {108},
    publisher = {Elsevier BV},
    doi = {10.1016/s0304-4149(03)00089-9}
}

@book{Evans1992MeasureFunctions,
    title = {{Measure theory and fine properties of functions}},
    year = {1992},
    author = {Evans, Lawrence C},
    pages = {268},
    publisher = {CRC Press},
    isbn = {0849371570}
}

@book{Evans2015MeasureEdition,
    title = {{Measure Theory and Fine Properties of Functions, Revised Edition}},
    year = {2015},
    author = {Evans, Lawrence Craig and Gariepy, Ronald F},
    pages = {313},
    publisher = {Taylor {\&} Francis Group},
    isbn = {9780429161483}
}

@article{Barron1992NeuralSystems,
    title = {{Neural net approximation, in ``Yale Workshop on Adaptive and Learning Systems''}},
    year = {1992},
    journal = {Yale University},
    author = {Barron, Andrew R}
}

@article{Ruf2020NeuralReview,
    title = {{Neural networks for option pricing and hedging: a literature review}},
    year = {2020},
    journal = {The Journal of Computational Finance},
    author = {Ruf, Johannes and Wang, Weiguan},
    publisher = {Infopro Digital Services Limited},
    doi = {10.21314/jcf.2020.390}
}

@article{Germain2021NeuralFinance,
    title = {{Neural networks-based algorithms for stochastic control and PDEs in finance}},
    year = {2021},
    journal = {arXiv:2101.08068},
    author = {Germain, Maximilien and Pham, Huyên and Warin, Xavier},
    month = {1},
    arxivId = {2101.08068},
    keywords = {math.OC, q-fin.CP}
}

@article{Isserlis1918OnVariables,
    title = {{On a Formula for the Product-Moment Coefficient of any Order of a Normal Frequency Distribution in any Number of Variables}},
    year = {1918},
    journal = {Biometrika},
    author = {Isserlis, L.},
    number = {1/2},
    month = {11},
    pages = {134},
    volume = {12},
    doi = {10.2307/2331932},
    issn = {00063444}
}

@article{Herrera2021OptimalNetworks,
    title = {{Optimal Stopping via Randomized Neural Networks}},
    year = {2021},
    journal = {arXiv:2104.13669},
    author = {Herrera, Calypso and Krach, Florian and Ruyssen, Pierre and Teichmann, Josef},
    month = {4},
    arxivId = {2104.13669},
    keywords = {cs.LG, cs.NA, math.NA, math.PR, q-fin.CP, stat.ML}
}

@article{Saporito2021Path-DependentEquations,
    title = {{Path-Dependent Deep Galerkin Method: A Neural Network Approach to Solve Path-Dependent Partial Differential Equations}},
    year = {2021},
    journal = {SIAM Journal on Financial Mathematics},
    author = {Saporito, Yuri F and Zhang, Zhaoyu},
    number = {3},
    month = {1},
    pages = {912--940},
    volume = {12},
    publisher = {Society for Industrial {\&} Applied Mathematics (SIAM)},
    doi = {10.1137/20m1329597}
}

@article{Bayer2022PricingSPDEs,
    title = {{Pricing Options under Rough Volatility with Backward SPDEs}},
    year = {2022},
    journal = {SIAM Journal on Financial Mathematics},
    author = {Bayer, Christian and Qiu, Jinniao and Yao, Yao},
    number = {1},
    month = {2},
    pages = {179--212},
    volume = {13},
    publisher = {Society for Industrial {\&} Applied Mathematics (SIAM)},
    doi = {10.1137/20m1357639}
}

@article{Bayer2015PricingVolatility,
    title = {{Pricing under rough volatility}},
    year = {2015},
    journal = {Quantitative Finance},
    author = {Bayer, Christian and Friz, Peter and Gatheral, Jim},
    number = {6},
    month = {11},
    pages = {887--904},
    volume = {16},
    publisher = {Informa UK Limited},
    doi = {10.1080/14697688.2015.1099717}
}

@article{Gonon2021RandomDimensionality,
    title = {{Random feature neural networks learn Black-Scholes type PDEs without curse of dimensionality}},
    year = {2021},
    journal = {arXiv:2106.08900},
    author = {Gonon, Lukas},
    month = {6},
    arxivId = {2106.08900},
    keywords = {cs.LG, math.PR, q-fin.MF, stat.ML}
}

@article{Rahimi2007RandomMachines,
    title = {{Random Features for Large-Scale Kernel Machines}},
    year = {2007},
    journal = {Advances in Neural Information Processing Systems},
    author = {Rahimi, Ali and Recht, Benjamin},
    editor = {Platt, J and Koller, D and Singer, Y and Roweis, S},
    volume = {20},
    publisher = {Curran Associates, Inc.},
    url = {https://proceedings.neurips.cc/paper/2007/file/013a006f03dbc5392effeb8f18fda755-Paper.pdf}
}

@book{Folland1984RealAnalysis,
    title = {{Real analysis}},
    year = {1984},
    author = {Folland, G B},
    pages = {350},
    publisher = {Wiley},
    isbn = {0471809586}
}

@book{Folland2013RealApplications,
    title = {{Real Analysis Vol. 1 Modern Techniques and Their Applications}},
    year = {2013},
    author = {Folland, Gerald B},
    pages = {416},
    publisher = {Wiley {\&} Sons, Incorporated, John},
    isbn = {9781118626399}
}

@book{Rudin1986RealAnalysis,
    title = {{Real and Complex Analysis}},
    year = {1986},
    author = {Rudin, Walter},
    edition = {3},
    publisher = {McGraw-Hill}
}

@article{Reisinger2020RectifiedSystems,
    title = {{Rectified deep neural networks overcome the curse of dimensionality for nonsmooth value functions in zero-sum games of nonlinear stiff systems}},
    year = {2020},
    journal = {Analysis and Applications},
    author = {Reisinger, Christoph and Zhang, Yufei},
    number = {06},
    month = {7},
    pages = {951--999},
    volume = {18},
    publisher = {World Scientific Pub Co Pte Lt},
    doi = {10.1142/s0219530520500116}
}

@article{Dale2021ReservoirTopology,
    title = {{Reservoir computing quality: connectivity and topology}},
    year = {2021},
    journal = {Natural Computing},
    author = {Dale, Matthew and O’Keefe, Simon and Sebald, Angelika and Stepney, Susan and Trefzer, Martin A.},
    number = {2},
    month = {6},
    pages = {205--216},
    volume = {20},
    doi = {10.1007/s11047-020-09823-1},
    issn = {1567-7818}
}

@article{Hoerl1970RidgeProblems,
    title = {{Ridge Regression: Biased Estimation for Nonorthogonal Problems}},
    year = {1970},
    journal = {Technometrics},
    author = {Hoerl, Arthur E and Kennard, Robert W},
    number = {1},
    month = {2},
    pages = {55--67},
    volume = {12},
    publisher = {Informa UK Limited},
    doi = {10.1080/00401706.1970.10488634}
}

@article{Gierjatowicz2023RobustEquations,
    title = {{Robust pricing and hedging via neural stochastic differential equations}},
    year = {2023},
    journal = {Journal of Computational Finance},
    author = {Gierjatowicz, Patrick and Sabate-Vidales, Marc and {\v{S}}i{\v{s}}ka, David and Szpruch, Łukasz and {\v{Z}}uri{\v{c}}, Žan},
    doi = {10.21314/JCF.2022.025},
    issn = {14601559}
}

@article{Bonesini2023RoughConvergence,
    title = {{Rough volatility, path-dependent PDEs and weak rates of convergence}},
    year = {2023},
    journal = {arXiv:2304.03042},
    author = {Bonesini, Ofelia and Jacquier, Antoine and Pannier, Alexandre},
    month = {4},
    arxivId = {2304.03042}
}

@article{Livieri2018RoughPrices,
    title = {{Rough volatility: Evidence from option prices}},
    year = {2018},
    journal = {IISE Transactions},
    author = {Livieri, Giulia and Mouti, Saad and Pallavicini, Andrea and Rosenbaum, Mathieu},
    number = {9},
    month = {9},
    pages = {767--776},
    volume = {50},
    doi = {10.1080/24725854.2018.1444297},
    issn = {2472-5854}
}

@article{Anker2017SDEPDEs,
    title = {{SDE Based Regression for Linear Random PDEs}},
    year = {2017},
    journal = {SIAM Journal on Scientific Computing},
    author = {Anker, Felix and Bayer, Christian and Eigel, Martin and Ladkau, Marcel and Neumann, Johannes and Schoenmakers, John},
    number = {3},
    month = {1},
    pages = {A1168–A1200},
    volume = {39},
    publisher = {Society for Industrial {\&} Applied Mathematics (SIAM)},
    doi = {10.1137/16m1060637}
}

@article{Han2018SolvingLearning,
    title = {{Solving high-dimensional partial differential equations using deep learning}},
    year = {2018},
    journal = {Proceedings of the National Academy of Sciences},
    author = {Han, Jiequn and Jentzen, Arnulf and E, Weinan},
    number = {34},
    month = {8},
    pages = {8505--8510},
    volume = {115},
    publisher = {Proceedings of the National Academy of Sciences},
    doi = {10.1073/pnas.1718942115}
}

@book{Cohen2015StochasticApplications,
    title = {{Stochastic Calculus and Applications}},
    year = {2015},
    author = {Cohen, Samuel N and Elliott, Robert J},
    publisher = {Springer New York},
    doi = {10.1007/978-1-4939-2867-5}
}

@article{Euch2018TheModels,
    title = {{The characteristic function of rough Heston models}},
    year = {2018},
    journal = {Mathematical Finance},
    author = {Euch, Omar El and Rosenbaum, Mathieu},
    number = {1},
    month = {2},
    pages = {3--38},
    volume = {29},
    publisher = {Wiley},
    doi = {10.1111/mafi.12173}
}

@article{Euch2018TheVolatility,
    title = {{The microstructural foundations of leverage effect and rough volatility}},
    year = {2018},
    journal = {Finance and Stochastics},
    author = {Euch, Omar El and Fukasawa, Masaaki and Rosenbaum, Mathieu},
    number = {2},
    month = {3},
    pages = {241--280},
    volume = {22},
    publisher = {Springer Science and Business Media LLC},
    doi = {10.1007/s00780-018-0360-z}
}

@article{Black1973TheLiabilities,
    title = {{The Pricing of Options and Corporate Liabilities}},
    year = {1973},
    journal = {Journal of Political Economy},
    author = {Black, Fischer and Scholes, Myron},
    number = {3},
    month = {5},
    pages = {637--654},
    volume = {81},
    publisher = {University of Chicago Press},
    doi = {10.1086/260062}
}

@article{Gatheral2020TheProblem,
    title = {{The quadratic rough Heston model and the joint S{\&}P 500/VIX smile calibration problem}},
    year = {2020},
    journal = {arXiv:2001.01789},
    author = {Gatheral, Jim and Jusselin, Paul and Rosenbaum, Mathieu},
    month = {1},
    arxivId = {2001.01789}
}

@article{Bondi2022TheModel,
    title = {{The rough Hawkes Heston stochastic volatility model}},
    year = {2022},
    journal = {arXiv:2210.12393},
    author = {Bondi, Alessandro and Pulido, Sergio and Scotti, Simone},
    month = {10},
    arxivId = {2210.12393}
}

@inproceedings{Berner2019TowardsEstimates,
    title = {{Towards a regularity theory for ReLU networks  chain rule and global error estimates}},
    year = {2019},
    booktitle = {13th International conference on Sampling Theory and Applications (SampTA)},
    author = {Berner, Julius and Elbrachter, Dennis and Grohs, Philipp and Jentzen, Arnulf},
    month = {7},
    publisher = {IEEE},
    doi = {10.1109/sampta45681.2019.9031005}
}

@article{McCrickerd2018TurbochargingModel,
    title = {{Turbocharging Monte Carlo pricing for the rough Bergomi model}},
    year = {2018},
    journal = {Quantitative Finance},
    author = {McCrickerd, Ryan and Pakkanen, Mikko S},
    number = {11},
    month = {4},
    pages = {1877--1886},
    volume = {18},
    publisher = {Informa UK Limited},
    doi = {10.1080/14697688.2018.1459812}
}

@article{Barron1993UniversalFunction,
    title = {{Universal approximation bounds for superpositions of a sigmoidal function}},
    year = {1993},
    journal = {IEEE Transactions on Information Theory},
    author = {Barron, Andrew R},
    number = {3},
    month = {5},
    pages = {930--945},
    volume = {39},
    publisher = {Institute of Electrical and Electronics Engineers (IEEE)},
    doi = {10.1109/18.256500},
    issn = {0018-9448}
}

@article{Huang2006UniversalNodes,
    title = {{Universal Approximation Using Incremental Constructive Feedforward Networks With Random Hidden Nodes}},
    year = {2006},
    journal = {IEEE Transactions on Neural Networks},
    author = {Huang, Guang-Bin and Chen, L and Siew, C.-K.},
    number = {4},
    month = {7},
    pages = {879--892},
    volume = {17},
    publisher = {Institute of Electrical and Electronics Engineers (IEEE)},
    doi = {10.1109/tnn.2006.875977}
}

@article{Longstaff2001ValuingApproach,
    title = {{Valuing American Options by Simulation: A Simple Least-Squares Approach}},
    year = {2001},
    journal = {Review of Financial Studies},
    author = {Longstaff, Francis A. and Schwartz, Eduardo S.},
    number = {1},
    month = {1},
    pages = {113--147},
    volume = {14},
    doi = {10.1093/rfs/14.1.113},
    issn = {0893-9454}
}

@article{Gatheral2018VolatilityRough,
    title = {{Volatility is rough}},
    year = {2018},
    journal = {Quantitative Finance},
    author = {Gatheral, Jim and Jaisson, Thibault and Rosenbaum, Mathieu},
    number = {6},
    month = {3},
    pages = {933--949},
    volume = {18},
    publisher = {Informa UK Limited},
    doi = {10.1080/14697688.2017.1393551}
}

@article{Horvath2020VolatilityModels,
    title = {{Volatility Options in Rough Volatility Models}},
    year = {2020},
    journal = {SIAM Journal on Financial Mathematics},
    author = {Horvath, Blanka and Jacquier, Antoine and Tankov, Peter},
    number = {2},
    month = {1},
    pages = {437--469},
    volume = {11},
    doi = {10.1137/18M1169242},
    issn = {1945-497X}
}

@article{Gassiat2022WeakVolatility,
    title = {{Weak error rates of numerical schemes for rough volatility}},
    year = {2022},
    journal = {arXiv:2203.09298 },
    author = {Gassiat, Paul},
    month = {3},
    arxivId = {2203.09298}
}

@article{Rahimi2008WeightedLearning,
    title = {{Weighted Sums of Random Kitchen Sinks: Replacing minimization with randomization in learning}},
    year = {2008},
    journal = {Advances in Neural Information Processing Systems},
    author = {Rahimi, Ali and Recht, Benjamin},
    editor = {Koller, D and Schuurmans, D and Bengio, Y and Bottou, L},
    volume = {21},
    publisher = {Curran Associates, Inc.},
    url = {https://proceedings.neurips.cc/paper/2008/file/0efe32849d230d7f53049ddc4a4b0c60-Paper.pdf}
}