@PHDTHESIS{McNaughton2013phd,
  author = {McNaughton, James},
  title = {{Turbulence Modelling in the near-field of an axial flow tidal turbine using Code Saturne}},
  school = {University of Manchester},
  year = {2013}
}

@PHDTHESIS{Wells2008phd,
  author = {Wells, Martin Richard},
  title = {{Tidal Modelling of Modern and Ancient Seas and Oceans}},
  school = {Imperial College London},
  year = {2008}
}

@PHDTHESIS{Mindel2008phd,
  author = {Mindel, Julian Eduardo},
  title = {{Interface Tracking and Solid--Fluid Coupling Techniques with Coastal Engineering Applications}},
  school = {Imperial College London},
  year = {2008}
}

@PHDTHESIS{Hiester2011phd,
  author = {Hiester, Hannah Rebecca},
  title = {{The application of adaptive mesh techniques to numerical simulations of gravity current flows}},
  school = {Imperial College London},
  year = {2011}
}

@PHDTHESIS{Maddison2011phd,
  author = {Maddison, James Roland},
  title = {{Adaptive mesh modelling of the thermally driven annulus}},
  school = {Wolfson College, Oxford University},
  year = {2011}
}

@PHDTHESIS{Funke2012phd,
  author = {Funke, Simon W.},
  title = {{The automation of PDE-constrained optimisation and its applications}},
  school = {Imperial College London},
  year = {2012}
}

@PHDTHESIS{Gorman2006phd,
  author = {Gorman, Gerard},
  title = {{Parallel Anisotropic Unstructured Mesh Optimisation and its Applications}},
  school = {Imperial College London},
  year = {2006}
}

@PHDTHESIS{Farrell2009phd,
  author = {Farrell, Patrick Emmet},
  title = {{Galerkin projection of discrete fields via supermesh construction}},
  school = {Imperial College London},
  year = {2009}
}

@PHDTHESIS{Bull2013phd,
  author = {Bull, Jonathan R.},
  title = {{Turbulence Models with Adaptive Meshing for Industrial CFD}},
  school = {Imperial College London},
  year = {2013}
}

@PHDTHESIS{Massing2012phd,
  author = {Massing, Andr{\'e}},
  title = {{Analysis and Implementation of Finite Element Methods on Overlapping and Fictitious Domains}},
  school = {University of Oslo},
  year = {2012}
}

@PHDTHESIS{Jacobs2013phd,
  author = {Jacobs, C. T.},
  title = {{Modelling of Multiphase Flows on Adaptive Unstructured Meshes with Applications to the Dynamics of Volcanic Ash Plumes}},
  school = {Imperial College London},
  year = {2013}
}

@PHDTHESIS{Gretton2009phd,
  author = {Gretton, Gareth},
  title = {{Hydrodynamic analysis of a vertical axis tidal current turbine}},
  school = {University of Edinburgh},
  year = {2009},
  keywords = {tidal current energy, tidal current turbine, vertical axis turbine, computational fluid dynamics}
}

